<?xml version="1.0" encoding="UTF-8"?>
<!DOCTYPE html PUBLIC "-//W3C//DTD XHTML 1.0 Transitional//EN"
    "http://www.w3.org/TR/xhtml1/DTD/xhtml1-transitional.dtd">
<html xmlns="http://www.w3.org/1999/xhtml" xml:lang="en" lang="en">
 <head>
  <title>
</title>
<meta http-equiv="Content-Type" content="text/html;charset=utf-8" />
  <meta name='ocr-system' content='tesseract 3.04.00' />
  <meta name='ocr-capabilities' content='ocr_page ocr_carea ocr_par ocr_line ocrx_word'/>
</head>
<body>
  <div class='ocr_page' id='page_1' title='image "./geographigraeci04mlgoog/geographigraeci04mlgoog_0097.png"; bbox 0 0 3884 5925; ppageno 0'>
   <div class='ocr_carea' id='block_1_1' title="bbox 573 450 1658 517">
    <p class='ocr_par' dir='ltr' id='par_1_1' title="bbox 573 450 1658 517">
     <span class='ocr_line' id='line_1_1' title="bbox 573 450 1658 517; baseline 0.002 -7"><span class='ocrx_word' id='word_1_1' title='bbox 573 451 749 517; x_wconf 73' lang='lat' dir='ltr'><em>rosetus</em></span> <span class='ocrx_word' id='word_1_2' title='bbox 772 450 932 512; x_wconf 82' lang='lat' dir='ltr'><em>noseottt</em></span> <span class='ocrx_word' id='word_1_3' title='bbox 955 452 1127 512; x_wconf 80' lang='lat' dir='ltr'><em>Tllllthll.</em></span> <span class='ocrx_word' id='word_1_4' title='bbox 1623 463 1658 512; x_wconf 77' lang='lat' dir='ltr'><em>tt</em></span> 
     </span>
    </p>
   </div>
   <div class='ocr_carea' id='block_1_2' title="bbox 74 579 1666 1170">
    <p class='ocr_par' dir='ltr' id='par_1_2' title="bbox 74 579 1666 1170">
     <span class='ocr_line' id='line_1_2' title="bbox 78 579 1663 652; baseline -0.003 -16"><span class='ocrx_word' id='word_1_5' title='bbox 78 587 123 642; x_wconf 85' lang='lat' dir='ltr'><em>rit,</em></span> <span class='ocrx_word' id='word_1_6' title='bbox 142 601 196 635; x_wconf 89' lang='lat' dir='ltr'><em>crrnr</em></span> <span class='ocrx_word' id='word_1_7' title='bbox 215 580 401 634; x_wconf 78' lang='lat' dir='ltr'><em>deductoribus</em></span> <span class='ocrx_word' id='word_1_8' title='bbox 412 581 517 634; x_wconf 78' lang='lat' dir='ltr'><em>colonie</em></span> <span class='ocrx_word' id='word_1_9' title='bbox 536 580 672 634; x_wconf 85' lang='lat' dir='ltr'><em>consilinm</em></span> <span class='ocrx_word' id='word_1_10' title='bbox 680 579 840 652; x_wconf 83' lang='lat' dir='ltr'><em>petentibus,</em></span> <span class='ocrx_word' id='word_1_11' title='bbox 888 579 952 644; x_wconf 89' lang='lat' dir='ltr'><em>lurn,</em></span> <span class='ocrx_word' id='word_1_12' title='bbox 966 592 1087 635; x_wconf 82' lang='lat' dir='ltr'><em>ornatum</em></span> <span class='ocrx_word' id='word_1_13' title='bbox 1102 581 1241 634; x_wconf 78' lang='lat' dir='ltr'><strong>duodecim</strong></span> <span class='ocrx_word' id='word_1_14' title='bbox 1252 582 1380 635; x_wconf 86' lang='lat' dir='ltr'><em>oolurunis</em></span> <span class='ocrx_word' id='word_1_15' title='bbox 1393 583 1530 634; x_wconf 83' lang='lat' dir='ltr'><em>marmoris</em></span> <span class='ocrx_word' id='word_1_16' title='bbox 1546 581 1663 646; x_wconf 84' lang='lat' dir='ltr'><em>Tbebrei,</em></span> 
     </span>
     <span class='ocr_line' id='line_1_3' title="bbox 75 666 1665 740; baseline -0.003 -16"><span class='ocrx_word' id='word_1_17' title='bbox 75 673 114 724; x_wconf 83' lang='lat' dir='ltr'><em>nli</em></span> <span class='ocrx_word' id='word_1_18' title='bbox 130 669 260 722; x_wconf 80' lang='lat' dir='ltr'><em>conderent</em></span> <span class='ocrx_word' id='word_1_19' title='bbox 274 669 373 732; x_wconf 76' lang='lat' dir='ltr'><em>urbem,</em></span> <span class='ocrx_word' id='word_1_20' title='bbox 386 669 546 740; x_wconf 76' lang='lat' dir='ltr'><em>appretiatum</em></span> <span class='ocrx_word' id='word_1_21' title='bbox 559 669 729 732; x_wconf 64' lang='lat' dir='ltr'><em>ttreaatirnn,</em></span> <span class='ocrx_word' id='word_1_22' title='bbox 748 667 788 720; x_wconf 84' lang='lat' dir='ltr'><em>iter</em></span> <span class='ocrx_word' id='word_1_23' title='bbox 804 685 842 719; x_wconf 86' lang='lat' dir='ltr'><em>re·</em></span> <span class='ocrx_word' id='word_1_24' title='bbox 887 667 966 718; x_wconf 87' lang='lat' dir='ltr'><em>situm</em></span> <span class='ocrx_word' id='word_1_25' title='bbox 981 677 1021 719; x_wconf 80' lang='lat' dir='ltr'><em>est</em></span> <span class='ocrx_word' id='word_1_26' title='bbox 1031 667 1208 738; x_wconf 75' lang='lat' dir='ltr'><strong>sepulchrum,</strong></span> <span class='ocrx_word' id='word_1_27' title='bbox 1223 668 1406 738; x_wconf 75' lang='lat' dir='ltr'><em>hemispherio</em></span> <span class='ocrx_word' id='word_1_28' title='bbox 1418 666 1583 738; x_wconf 70' lang='lat' dir='ltr'><em>cylindraoeo</em></span> <span class='ocrx_word' id='word_1_29' title='bbox 1593 667 1665 720; x_wconf 81' lang='lat' dir='ltr'><em>elau·</em></span> 
     </span>
     <span class='ocr_line' id='line_1_4' title="bbox 74 754 1664 829; baseline -0.001 -21"><span class='ocrx_word' id='word_1_30' title='bbox 74 756 189 829; x_wconf 86' lang='lat' dir='ltr'><em>spondit:</em></span> <span class='ocrx_word' id='word_1_31' title='bbox 888 771 957 818; x_wconf 90' lang='lat' dir='ltr'><em>sum,</em></span> <span class='ocrx_word' id='word_1_32' title='bbox 972 756 1060 807; x_wconf 88' lang='lat' dir='ltr'><em>nescio</em></span> <span class='ocrx_word' id='word_1_33' title='bbox 1077 754 1151 824; x_wconf 88' lang='lat' dir='ltr'><em>cujus</em></span> <span class='ocrx_word' id='word_1_34' title='bbox 1166 755 1290 819; x_wconf 87' lang='lat' dir='ltr'><em>bominis,</em></span> <span class='ocrx_word' id='word_1_35' title='bbox 1314 773 1392 826; x_wconf 91' lang='lat' dir='ltr'><em>quem</em></span> <span class='ocrx_word' id='word_1_36' title='bbox 1409 754 1489 806; x_wconf 91' lang='lat' dir='ltr'><em>Turei</em></span> <span class='ocrx_word' id='word_1_37' title='bbox 1513 754 1587 806; x_wconf 85' lang='lat' dir='ltr'><em>valde</em></span> <span class='ocrx_word' id='word_1_38' title='bbox 1604 773 1664 806; x_wconf 78' lang='lat' dir='ltr'><em>sen-</em></span> 
     </span>
     <span class='ocr_line' id='line_1_5' title="bbox 888 838 1663 910; baseline 0 -20"><span class='ocrx_word' id='word_1_39' title='bbox 888 849 959 890; x_wconf 89' lang='lat' dir='ltr'><em>ctum</em></span> <span class='ocrx_word' id='word_1_40' title='bbox 971 838 1078 904; x_wconf 90' lang='lat' dir='ltr'><em>babent,</em></span> <span class='ocrx_word' id='word_1_41' title='bbox 1093 851 1118 892; x_wconf 89' lang='lat' dir='ltr'><em>et</em></span> <span class='ocrx_word' id='word_1_42' title='bbox 1127 841 1246 910; x_wconf 89' lang='lat' dir='ltr'><em>perpetui</em></span> <span class='ocrx_word' id='word_1_43' title='bbox 1255 839 1354 892; x_wconf 88' lang='lat' dir='ltr'><em>sodales</em></span> <span class='ocrx_word' id='word_1_44' title='bbox 1364 839 1491 892; x_wconf 86' lang='lat' dir='ltr'><em>Flamines</em></span> <span class='ocrx_word' id='word_1_45' title='bbox 1502 839 1663 902; x_wconf 89' lang='lat' dir='ltr'><em>custodiunt,</em></span> 
     </span>
     <span class='ocr_line' id='line_1_6' title="bbox 888 923 1664 995; baseline 0.001 -19"><span class='ocrx_word' id='word_1_46' title='bbox 888 924 1134 976; x_wconf 81' lang='lat' dir='ltr'><em>circunrlucentibus</em></span> <span class='ocrx_word' id='word_1_47' title='bbox 1149 935 1237 977; x_wconf 83' lang='lat' dir='ltr'><em>noctes</em></span> <span class='ocrx_word' id='word_1_48' title='bbox 1255 923 1363 995; x_wconf 78' lang='lat' dir='ltr'><em>diesque</em></span> <span class='ocrx_word' id='word_1_49' title='bbox 1373 924 1483 995; x_wconf 88' lang='lat' dir='ltr'><em>amplius</em></span> <span class='ocrx_word' id='word_1_50' title='bbox 1501 925 1664 994; x_wconf 66' lang='lat' dir='ltr'><em>septuaginta</em></span> 
     </span>
     <span class='ocr_line' id='line_1_7' title="bbox 889 1011 1666 1082; baseline -0.001 -19"><span class='ocrx_word' id='word_1_51' title='bbox 889 1011 1019 1064; x_wconf 82' lang='lat' dir='ltr'><em>funalibus</em></span> <span class='ocrx_word' id='word_1_52' title='bbox 1028 1013 1125 1076; x_wconf 87' lang='lat' dir='ltr'><em>cereis,</em></span> <span class='ocrx_word' id='word_1_53' title='bbox 1136 1023 1234 1064; x_wconf 88' lang='lat' dir='ltr'><em>tectum</em></span> <span class='ocrx_word' id='word_1_54' title='bbox 1250 1029 1380 1082; x_wconf 63' lang='lat' dir='ltr'><em>purpuram</em></span> <span class='ocrx_word' id='word_1_55' title='bbox 1393 1012 1464 1064; x_wconf 90' lang='lat' dir='ltr'><em>bunc</em></span> <span class='ocrx_word' id='word_1_56' title='bbox 1476 1011 1555 1062; x_wconf 78' lang='lat' dir='ltr'><em>Tusci</em></span> <span class='ocrx_word' id='word_1_57' title='bbox 1572 1021 1666 1062; x_wconf 87' lang='lat' dir='ltr'><em>vocant</em></span> 
     </span>
     <span class='ocr_line' id='line_1_8' title="bbox 889 1098 1666 1170; baseline 0 -20"><span class='ocrx_word' id='word_1_58' title='bbox 889 1099 1066 1162; x_wconf 83' lang='lat' dir='ltr'><em>Aibasarium‚</em></span> <span class='ocrx_word' id='word_1_59' title='bbox 1082 1116 1162 1168; x_wconf 85' lang='lat' dir='ltr'><em>aquo</em></span> <span class='ocrx_word' id='word_1_60' title='bbox 1174 1099 1245 1150; x_wconf 85' lang='lat' dir='ltr'><em>vicus</em></span> <span class='ocrx_word' id='word_1_61' title='bbox 1254 1117 1349 1150; x_wconf 88' lang='lat' dir='ltr'><em>nomen</em></span> <span class='ocrx_word' id='word_1_62' title='bbox 1363 1098 1471 1169; x_wconf 88' lang='lat' dir='ltr'><em>adeptus</em></span> <span class='ocrx_word' id='word_1_63' title='bbox 1485 1109 1532 1150; x_wconf 88' lang='lat' dir='ltr'><em>est.</em></span> <span class='ocrx_word' id='word_1_64' title='bbox 1543 1101 1619 1170; x_wconf 68' lang='lat' dir='ltr'><em>Saepe</em></span> <span class='ocrx_word' id='word_1_65' title='bbox 1631 1099 1666 1150; x_wconf 93' lang='lat' dir='ltr'><em>ab</em></span> 
     </span>
    </p>
   </div>
   <div class='ocr_carea' id='block_1_3' title="bbox 125 893 803 1099">
    <p class='ocr_par' dir='ltr' id='par_1_3' title="bbox 125 893 803 1099">
     <span class='ocr_line' id='line_1_9' title="bbox 127 893 666 958; baseline -0.004 -14"><span class='ocrx_word' id='word_1_66' title='bbox 127 897 215 945; x_wconf 71' lang='grc' dir='ltr'>Ὀλὸνοι</span> <span class='ocrx_word' id='word_1_67' title='bbox 224 897 245 943; x_wconf 88' lang='grc' dir='ltr'>οἳ</span> <span class='ocrx_word' id='word_1_68' title='bbox 260 893 339 956; x_wconf 74' lang='grc' dir='ltr'>κείνην</span> <span class='ocrx_word' id='word_1_69' title='bbox 350 893 418 943; x_wconf 79' lang='grc' dir='ltr'>πόλιν</span> <span class='ocrx_word' id='word_1_70' title='bbox 429 895 503 958; x_wconf 73' lang='grc' dir='ltr'>ἀνέρες</span> <span class='ocrx_word' id='word_1_71' title='bbox 513 897 666 956; x_wconf 79' lang='grc' dir='ltr'>οἰκήσουσιν,</span> 
     </span>
     <span class='ocr_line' id='line_1_10' title="bbox 125 965 803 1028; baseline -0.004 -13"><span class='ocrx_word' id='word_1_72' title='bbox 125 969 193 1024; x_wconf 74' lang='grc' dir='ltr'>ἀκτῆς</span> <span class='ocrx_word' id='word_1_73' title='bbox 203 969 314 1026; x_wconf 57' lang='lat' dir='ltr'><em>marrim</em></span> <span class='ocrx_word' id='word_1_74' title='bbox 324 969 446 1027; x_wconf 73' lang='grc' dir='ltr'>στινυγρὸν</span> <span class='ocrx_word' id='word_1_75' title='bbox 456 967 509 1027; x_wconf 78' lang='grc' dir='ltr'>παρ’</span> <span class='ocrx_word' id='word_1_76' title='bbox 519 967 590 1028; x_wconf 72' lang='grc' dir='ltr'>ἀκρον</span> <span class='ocrx_word' id='word_1_77' title='bbox 602 971 682 1026; x_wconf 61' lang='grc' dir='ltr'>στόμα</span> <span class='ocrx_word' id='word_1_78' title='bbox 698 965 803 1022; x_wconf 85' lang='grc' dir='ltr'>ΙΙὸντου,</span> 
     </span>
     <span class='ocr_line' id='line_1_11' title="bbox 128 1037 718 1099; baseline 0.002 -14"><span class='ocrx_word' id='word_1_79' title='bbox 128 1037 171 1085; x_wconf 69' lang='lat' dir='ltr'><em>etr·</em></span> <span class='ocrx_word' id='word_1_80' title='bbox 182 1038 245 1098; x_wconf 73' lang='grc' dir='ltr'><strong>ἰχθὺς</strong></span> <span class='ocrx_word' id='word_1_81' title='bbox 254 1037 337 1098; x_wconf 65' lang='grc' dir='ltr'>ἔλαφος</span> <span class='ocrx_word' id='word_1_82' title='bbox 351 1050 378 1082; x_wconf 78' lang='grc' dir='ltr'><em>ιι</em></span> <span class='ocrx_word' id='word_1_83' title='bbox 387 1039 457 1099; x_wconf 77' lang='grc' dir='ltr'>νομὸν</span> <span class='ocrx_word' id='word_1_84' title='bbox 466 1037 580 1098; x_wconf 75' lang='grc' dir='ltr'>βόσκουσι</span> <span class='ocrx_word' id='word_1_85' title='bbox 587 1037 627 1085; x_wconf 86' lang='grc' dir='ltr'>τὸν</span> <span class='ocrx_word' id='word_1_86' title='bbox 639 1037 718 1086; x_wconf 80' lang='grc' dir='ltr'>αὑτὸν.</span> 
     </span>
    </p>
   </div>
   <div class='ocr_carea' id='block_1_4' title="bbox 76 1179 1764 1256">
    <p class='ocr_par' dir='ltr' id='par_1_4' title="bbox 76 1179 1764 1256">
     <span class='ocr_line' id='line_1_12' title="bbox 76 1179 1764 1256; baseline 0 -18"><span class='ocrx_word' id='word_1_87' title='bbox 76 1184 247 1256; x_wconf 82' lang='lat' dir='ltr'><em>tlercqnidem</em></span> <span class='ocrx_word' id='word_1_88' title='bbox 265 1184 419 1238; x_wconf 84' lang='lat' dir='ltr'><em>dictasunt</em></span> <span class='ocrx_word' id='word_1_89' title='bbox 441 1183 473 1236; x_wconf 84' lang='lat' dir='ltr'><em>dc</em></span> <span class='ocrx_word' id='word_1_90' title='bbox 488 1203 530 1246; x_wconf 85' lang='lat' dir='ltr'><em>rc,</em></span> <span class='ocrx_word' id='word_1_91' title='bbox 555 1203 613 1254; x_wconf 82' lang='lat' dir='ltr'><em>qnoe</em></span> <span class='ocrx_word' id='word_1_92' title='bbox 629 1183 739 1236; x_wconf 77' lang='lat' dir='ltr'><em>reccidit.</em></span> <span class='ocrx_word' id='word_1_93' title='bbox 767 1179 845 1234; x_wconf 80' lang='lat' dir='ltr'><em>&#39;Cerri</em></span> <span class='ocrx_word' id='word_1_94' title='bbox 889 1185 928 1236; x_wconf 92' lang='lat' dir='ltr'><em>bis</em></span> <span class='ocrx_word' id='word_1_95' title='bbox 946 1186 1106 1238; x_wconf 79' lang='lat' dir='ltr'><em>Fluminibus</em></span> <span class='ocrx_word' id='word_1_96' title='bbox 1121 1195 1304 1256; x_wconf 77' lang='lat' dir='ltr'><em>pereurrctatus</em></span> <span class='ocrx_word' id='word_1_97' title='bbox 1325 1204 1398 1248; x_wconf 87' lang='lat' dir='ltr'><em>sum,</em></span> <span class='ocrx_word' id='word_1_98' title='bbox 1416 1187 1462 1256; x_wconf 92' lang='lat' dir='ltr'><em>qui</em></span> <span class='ocrx_word' id='word_1_99' title='bbox 1481 1197 1584 1238; x_wconf 88' lang='lat' dir='ltr'><em>sanetus</em></span> <span class='ocrx_word' id='word_1_100' title='bbox 1601 1195 1667 1238; x_wconf 87' lang='lat' dir='ltr'><em>esset</em></span> <span class='ocrx_word' id='word_1_101' title='bbox 1758 1181 1764 1191; x_wconf 79' lang='lat'>&#39;</span> 
     </span>
    </p>
   </div>
   <div class='ocr_carea' id='block_1_5' title="bbox 73 1269 1742 2802">
    <p class='ocr_par' dir='ltr' id='par_1_5' title="bbox 73 1269 1665 1602">
     <span class='ocr_line' id='line_1_13' title="bbox 74 1269 1665 1343; baseline 0.001 -21"><span class='ocrx_word' id='word_1_102' title='bbox 74 1275 132 1324; x_wconf 79' lang='lat' dir='ltr'><em>enirn</em></span> <span class='ocrx_word' id='word_1_103' title='bbox 143 1285 252 1343; x_wconf 82' lang='lat' dir='ltr'><em>tempore</em></span> <span class='ocrx_word' id='word_1_104' title='bbox 261 1273 369 1325; x_wconf 84' lang='lat' dir='ltr'><em>lrilrerno</em></span> <span class='ocrx_word' id='word_1_105' title='bbox 379 1293 412 1325; x_wconf 72' lang='lat' dir='ltr'><em>ex</em></span> <span class='ocrx_word' id='word_1_106' title='bbox 426 1272 504 1324; x_wconf 84' lang='lat' dir='ltr'><em>silris</em></span> <span class='ocrx_word' id='word_1_107' title='bbox 515 1271 691 1324; x_wconf 76' lang='lat' dir='ltr'><em>descendentes</em></span> <span class='ocrx_word' id='word_1_108' title='bbox 701 1269 844 1341; x_wconf 86' lang='lat' dir='ltr'><em>deperscnrrt</em></span> <span class='ocrx_word' id='word_1_109' title='bbox 889 1271 1053 1335; x_wconf 67' lang='lat' dir='ltr'><em>librarius,</em></span> <span class='ocrx_word' id='word_1_110' title='bbox 1074 1291 1090 1324; x_wconf 89' lang='lat' dir='ltr'><em>a</em></span> <span class='ocrx_word' id='word_1_111' title='bbox 1107 1272 1214 1341; x_wconf 80' lang='lat' dir='ltr'><em>quibus&#39;</em></span> <span class='ocrx_word' id='word_1_112' title='bbox 1226 1271 1289 1322; x_wconf 92' lang='lat' dir='ltr'><em>nibil</em></span> <span class='ocrx_word' id='word_1_113' title='bbox 1305 1271 1375 1323; x_wconf 92' lang='lat' dir='ltr'><em>aliud</em></span> <span class='ocrx_word' id='word_1_114' title='bbox 1391 1273 1494 1342; x_wconf 77' lang='lat' dir='ltr'><em>assequi</em></span> <span class='ocrx_word' id='word_1_115' title='bbox 1511 1273 1596 1342; x_wconf 90' lang='lat' dir='ltr'><em>potui,</em></span> <span class='ocrx_word' id='word_1_116' title='bbox 1615 1273 1665 1324; x_wconf 87' lang='lat' dir='ltr'><em>uisi</em></span> 
     </span>
     <span class='ocr_line' id='line_1_14' title="bbox 73 1347 1665 1430; baseline 0.003 -22"><span class='ocrx_word' id='word_1_117' title='bbox 73 1359 203 1428; x_wconf 72' lang='lat' dir='ltr'><em>pedestrem</em></span> <span class='ocrx_word' id='word_1_118' title='bbox 216 1357 372 1410; x_wconf 81' lang='lat' dir='ltr'><em>nnrmb&#39;nem</em></span> <span class='ocrx_word' id='word_1_119' title='bbox 383 1381 391 1418; x_wconf 89' lang='lat'><em>,·</em></span> <span class='ocrx_word' id='word_1_120' title='bbox 400 1347 487 1429; x_wconf 76' lang='lat' dir='ltr'><em>pisces&#39;</em></span> <span class='ocrx_word' id='word_1_121' title='bbox 506 1376 564 1410; x_wconf 79' lang='lat' dir='ltr'><em>tero</em></span> <span class='ocrx_word' id='word_1_122' title='bbox 578 1356 658 1408; x_wconf 83' lang='lat' dir='ltr'><em>neuris</em></span> <span class='ocrx_word' id='word_1_123' title='bbox 673 1355 843 1424; x_wconf 84' lang='lat' dir='ltr'><em>ctstrrnrinrmr</em></span> <span class='ocrx_word' id='word_1_124' title='bbox 889 1358 1052 1411; x_wconf 79' lang='lat' dir='ltr'><em>Aibasarium</em></span> <span class='ocrx_word' id='word_1_125' title='bbox 1062 1359 1184 1430; x_wconf 88' lang='lat' dir='ltr'><em>appellari</em></span> <span class='ocrx_word' id='word_1_126' title='bbox 1195 1359 1381 1411; x_wconf 84' lang='lat' dir='ltr'><em>blecbrnetanae</em></span> <span class='ocrx_word' id='word_1_127' title='bbox 1395 1359 1525 1428; x_wconf 76' lang='lat' dir='ltr'>religionis</span> <span class='ocrx_word' id='word_1_128' title='bbox 1539 1377 1622 1412; x_wconf 91' lang='lat' dir='ltr'><em>unum</em></span> <span class='ocrx_word' id='word_1_129' title='bbox 1633 1379 1665 1413; x_wconf 83' lang='lat' dir='ltr'><em>ex</em></span> 
     </span>
     <span class='ocr_line' id='line_1_15' title="bbox 74 1440 1664 1516; baseline 0.003 -22"><span class='ocrx_word' id='word_1_130' title='bbox 74 1443 205 1515; x_wconf 74' lang='lat' dir='ltr'><em>participes</em></span> <span class='ocrx_word' id='word_1_131' title='bbox 217 1443 246 1495; x_wconf 82' lang='lat' dir='ltr'><em>in</em></span> <span class='ocrx_word' id='word_1_132' title='bbox 264 1443 460 1514; x_wconf 80' lang='lat' dir='ltr'><em>tranquillitate</em></span> <span class='ocrx_word' id='word_1_133' title='bbox 475 1441 549 1494; x_wconf 79' lang='lat' dir='ltr'><em>simis</em></span> <span class='ocrx_word' id='word_1_134' title='bbox 563 1441 676 1494; x_wconf 74' lang='lat' dir='ltr'><em>strotirii</em></span> <span class='ocrx_word' id='word_1_135' title='bbox 688 1440 843 1493; x_wconf 82' lang='lat' dir='ltr'><em>delitescunt</em></span> <span class='ocrx_word' id='word_1_136' title='bbox 888 1445 1150 1509; x_wconf 88' lang='lat' dir='ltr'><em>asser·toribus,&#39;lrrter</em></span> <span class='ocrx_word' id='word_1_137' title='bbox 1162 1463 1228 1514; x_wconf 91' lang='lat' dir='ltr'><em>quos</em></span> <span class='ocrx_word' id='word_1_138' title='bbox 1240 1455 1376 1496; x_wconf 80' lang='lat' dir='ltr'><em>numeram</em></span> <span class='ocrx_word' id='word_1_139' title='bbox 1389 1453 1511 1514; x_wconf 88' lang='lat' dir='ltr'><em>tanquam</em></span> <span class='ocrx_word' id='word_1_140' title='bbox 1520 1445 1664 1516; x_wconf 78' lang='lat' dir='ltr'><em>principem</em></span> 
     </span>
     <span class='ocr_line' id='line_1_16' title="bbox 74 1527 1665 1602; baseline 0.001 -20"><span class='ocrx_word' id='word_1_141' title='bbox 74 1531 137 1602; x_wconf 72' lang='lat' dir='ltr'><em>pigri</em></span> <span class='ocrx_word' id='word_1_142' title='bbox 145 1572 151 1590; x_wconf 90' lang='lat'>‚</span> <span class='ocrx_word' id='word_1_143' title='bbox 160 1549 185 1582; x_wconf 89' lang='lat' dir='ltr'><em>nr</em></span> <span class='ocrx_word' id='word_1_144' title='bbox 200 1531 319 1582; x_wconf 76' lang='lat' dir='ltr'><em>ubertntc</em></span> <span class='ocrx_word' id='word_1_145' title='bbox 325 1530 421 1602; x_wconf 78' lang='lat' dir='ltr'><em>perlecti</em></span> <span class='ocrx_word' id='word_1_146' title='bbox 429 1529 576 1596; x_wconf 75' lang='lat' dir='ltr'><em>deglutiunt</em></span> <span class='ocrx_word' id='word_1_147' title='bbox 585 1528 650 1580; x_wconf 80' lang='lat' dir='ltr'><em>merli</em></span> <span class='ocrx_word' id='word_1_148' title='bbox 661 1527 771 1581; x_wconf 78' lang='lat' dir='ltr'><em>radices.</em></span> <span class='ocrx_word' id='word_1_149' title='bbox 889 1529 992 1582; x_wconf 79' lang='lat' dir='ltr'><em>Arium.</em></span> <span class='ocrx_word' id='word_1_150' title='bbox 1007 1531 1114 1584; x_wconf 77' lang='lat' dir='ltr'><em>Grueus</em></span> <span class='ocrx_word' id='word_1_151' title='bbox 1126 1530 1283 1600; x_wconf 85' lang='lat' dir='ltr'><em>nescioquis</em></span> <span class='ocrx_word' id='word_1_152' title='bbox 1299 1529 1363 1582; x_wconf 88' lang='lat' dir='ltr'><em>milri</em></span> <span class='ocrx_word' id='word_1_153' title='bbox 1378 1529 1549 1582; x_wconf 79' lang='lat' dir='ltr'><em>confirmabat</em></span> <span class='ocrx_word' id='word_1_154' title='bbox 1562 1549 1617 1582; x_wconf 90' lang='lat' dir='ltr'><em>esse</em></span> <span class='ocrx_word' id='word_1_155' title='bbox 1626 1551 1665 1583; x_wconf 88' lang='lat' dir='ltr'><em>se·</em></span> 
     </span>
    </p>

    <p class='ocr_par' dir='ltr' id='par_1_6' title="bbox 78 1612 1742 2802">
     <span class='ocr_line' id='line_1_17' title="bbox 107 1612 1666 1686; baseline 0.003 -19"><span class='ocrx_word' id='word_1_156' title='bbox 107 1619 160 1668; x_wconf 77' lang='lat' dir='ltr'><em>llaec</em></span> <span class='ocrx_word' id='word_1_157' title='bbox 169 1616 278 1685; x_wconf 88' lang='lat' dir='ltr'><em>quidem</em></span> <span class='ocrx_word' id='word_1_158' title='bbox 295 1616 445 1685; x_wconf 72' lang='lat' dir='ltr'><em>Dionysius.</em></span> <span class='ocrx_word' id='word_1_159' title='bbox 457 1614 523 1666; x_wconf 83' lang='lat' dir='ltr'><em>Mihi</em></span> <span class='ocrx_word' id='word_1_160' title='bbox 538 1633 599 1666; x_wconf 82' lang='lat' dir='ltr'><em>vero</em></span> <span class='ocrx_word' id='word_1_161' title='bbox 610 1615 696 1684; x_wconf 88' lang='lat' dir='ltr'><em>potius</em></span> <span class='ocrx_word' id='word_1_162' title='bbox 708 1612 843 1664; x_wconf 85' lang='lat' dir='ltr'><em>oraculum</em></span> <span class='ocrx_word' id='word_1_163' title='bbox 888 1615 1027 1686; x_wconf 87' lang='lat' dir='ltr'><em>pulchrum</em></span> <span class='ocrx_word' id='word_1_164' title='bbox 1047 1615 1112 1680; x_wconf 87' lang='lat' dir='ltr'><em>Job,</em></span> <span class='ocrx_word' id='word_1_165' title='bbox 1125 1615 1170 1668; x_wconf 89' lang='lat' dir='ltr'><em>sed</em></span> <span class='ocrx_word' id='word_1_166' title='bbox 1191 1616 1255 1669; x_wconf 88' lang='lat' dir='ltr'><em>nibil</em></span> <span class='ocrx_word' id='word_1_167' title='bbox 1273 1635 1306 1668; x_wconf 81' lang='lat' dir='ltr'><em>ex</em></span> <span class='ocrx_word' id='word_1_168' title='bbox 1325 1618 1502 1668; x_wconf 76' lang='lat' dir='ltr'><em>monumentis</em></span> <span class='ocrx_word' id='word_1_169' title='bbox 1522 1617 1666 1670; x_wconf 89' lang='lat' dir='ltr'><em>litterarum</em></span> 
     </span>
     <span class='ocr_line' id='line_1_18' title="bbox 78 1698 1668 1773; baseline 0.002 -20"><span class='ocrx_word' id='word_1_170' title='bbox 78 1703 166 1755; x_wconf 75' lang='lat' dir='ltr'><em>ridetur</em></span> <span class='ocrx_word' id='word_1_171' title='bbox 179 1703 253 1754; x_wconf 92' lang='lat' dir='ltr'><em>bunc</em></span> <span class='ocrx_word' id='word_1_172' title='bbox 274 1702 362 1754; x_wconf 89' lang='lat' dir='ltr'><em>locum</em></span> <span class='ocrx_word' id='word_1_173' title='bbox 374 1719 427 1752; x_wconf 89' lang='lat' dir='ltr'><em>non</em></span> <span class='ocrx_word' id='word_1_174' title='bbox 446 1699 612 1763; x_wconf 77' lang='lat' dir='ltr'><em>intellexisse,</em></span> <span class='ocrx_word' id='word_1_175' title='bbox 630 1698 674 1750; x_wconf 90' lang='lat' dir='ltr'><em>sed</em></span> <span class='ocrx_word' id='word_1_176' title='bbox 690 1707 842 1770; x_wconf 90' lang='lat' dir='ltr'><em>promonto·</em></span> <span class='ocrx_word' id='word_1_177' title='bbox 889 1699 1051 1772; x_wconf 79' lang='lat' dir='ltr'><em>proferebat,</em></span> <span class='ocrx_word' id='word_1_178' title='bbox 1067 1703 1093 1753; x_wconf 89' lang='lat' dir='ltr'><em>in</em></span> <span class='ocrx_word' id='word_1_179' title='bbox 1111 1701 1206 1772; x_wconf 87' lang='lat' dir='ltr'><em>quibus</em></span> <span class='ocrx_word' id='word_1_180' title='bbox 1221 1701 1349 1754; x_wconf 77' lang='lat' dir='ltr'><em>duntaxat</em></span> <span class='ocrx_word' id='word_1_181' title='bbox 1367 1703 1416 1770; x_wconf 73' lang='lat' dir='ltr'><em>legi</em></span> <span class='ocrx_word' id='word_1_182' title='bbox 1431 1703 1572 1755; x_wconf 75' lang='lat' dir='ltr'><em>Arcadium</em></span> <span class='ocrx_word' id='word_1_183' title='bbox 1587 1705 1668 1773; x_wconf 89' lang='lat' dir='ltr'><em>impe·</em></span> 
     </span>
     <span class='ocr_line' id='line_1_19' title="bbox 79 1786 1666 1858; baseline 0 -18"><span class='ocrx_word' id='word_1_184' title='bbox 79 1790 136 1840; x_wconf 86' lang='lat' dir='ltr'><em>rium</em></span> <span class='ocrx_word' id='word_1_185' title='bbox 145 1787 374 1856; x_wconf 74' lang='lat' dir='ltr'><em>Bosporium,ubi</em></span> <span class='ocrx_word' id='word_1_186' title='bbox 387 1797 571 1838; x_wconf 71' lang='lat' dir='ltr'><em>extremumue</em></span> <span class='ocrx_word' id='word_1_187' title='bbox 585 1787 703 1855; x_wconf 83' lang='lat' dir='ltr'><em>Bospori,</em></span> <span class='ocrx_word' id='word_1_188' title='bbox 716 1794 844 1854; x_wconf 80' lang='lat' dir='ltr'><em>urposrea</em></span> <span class='ocrx_word' id='word_1_189' title='bbox 889 1797 1002 1838; x_wconf 85' lang='lat' dir='ltr'><em>ratorem</em></span> <span class='ocrx_word' id='word_1_190' title='bbox 1020 1805 1077 1840; x_wconf 83' lang='lat' dir='ltr'><em>ossa</em></span> <span class='ocrx_word' id='word_1_191' title='bbox 1098 1787 1223 1839; x_wconf 76' lang='lat' dir='ltr'><em>Samuelis</em></span> <span class='ocrx_word' id='word_1_192' title='bbox 1236 1788 1370 1858; x_wconf 74' lang='lat' dir='ltr'><em>propbeta</em></span> <span class='ocrx_word' id='word_1_193' title='bbox 1383 1786 1505 1840; x_wconf 62' lang='lat' dir='ltr'><em>eludas</em></span> <span class='ocrx_word' id='word_1_194' title='bbox 1516 1789 1666 1840; x_wconf 73' lang='lat' dir='ltr'><em>Constanti·</em></span> 
     </span>
     <span class='ocr_line' id='line_1_20' title="bbox 80 1871 1666 1944; baseline 0 -18"><span class='ocrx_word' id='word_1_195' title='bbox 80 1874 300 1943; x_wconf 74' lang='lat' dir='ltr'><em>admouuitApollo</em></span> <span class='ocrx_word' id='word_1_196' title='bbox 309 1872 417 1926; x_wconf 81' lang='lat' dir='ltr'><em>cotontae</em></span> <span class='ocrx_word' id='word_1_197' title='bbox 424 1872 578 1926; x_wconf 87' lang='lat' dir='ltr'><em>deductores</em></span> <span class='ocrx_word' id='word_1_198' title='bbox 587 1873 708 1942; x_wconf 79' lang='lat' dir='ltr'><em>deeeptus</em></span> <span class='ocrx_word' id='word_1_199' title='bbox 718 1871 761 1924; x_wconf 92' lang='lat' dir='ltr'><em>illo</em></span> <span class='ocrx_word' id='word_1_200' title='bbox 770 1871 842 1936; x_wconf 85' lang='lat' dir='ltr'><em>loeo;</em></span> <span class='ocrx_word' id='word_1_201' title='bbox 881 1873 1005 1944; x_wconf 90' lang='lat' dir='ltr'><em>·nop0lim</em></span> <span class='ocrx_word' id='word_1_202' title='bbox 1016 1875 1189 1938; x_wconf 83' lang='lat' dir='ltr'><em>transtulisse,</em></span> <span class='ocrx_word' id='word_1_203' title='bbox 1203 1883 1254 1926; x_wconf 87' lang='lat' dir='ltr'><em>tam</em></span> <span class='ocrx_word' id='word_1_204' title='bbox 1265 1873 1380 1926; x_wconf 83' lang='lat' dir='ltr'><em>hilariter</em></span> <span class='ocrx_word' id='word_1_205' title='bbox 1395 1873 1498 1925; x_wconf 79' lang='lat' dir='ltr'><em>‹rlsrlam</em></span> <span class='ocrx_word' id='word_1_206' title='bbox 1511 1873 1560 1925; x_wconf 88' lang='lat' dir='ltr'><em>illis</em></span> <span class='ocrx_word' id='word_1_207' title='bbox 1575 1891 1666 1944; x_wconf 87' lang='lat' dir='ltr'><em>proce·</em></span> 
     </span>
     <span class='ocr_line' id='line_1_21' title="bbox 80 1958 1665 2031; baseline 0.001 -19"><span class='ocrx_word' id='word_1_208' title='bbox 80 1963 172 2030; x_wconf 81' lang='lat' dir='ltr'><em>quirum</em></span> <span class='ocrx_word' id='word_1_209' title='bbox 180 1959 213 2012; x_wconf 87' lang='lat' dir='ltr'><em>ad</em></span> <span class='ocrx_word' id='word_1_210' title='bbox 220 1962 344 2012; x_wconf 85' lang='lat' dir='ltr'><em>bassinus</em></span> <span class='ocrx_word' id='word_1_211' title='bbox 354 1971 482 2012; x_wconf 86' lang='lat' dir='ltr'><em>extremas</em></span> <span class='ocrx_word' id='word_1_212' title='bbox 491 1958 844 2030; x_wconf 71' lang='lat' dir='ltr'><em>paludesparrrrentcondere</em></span> <span class='ocrx_word' id='word_1_213' title='bbox 889 1959 967 2012; x_wconf 85' lang='lat' dir='ltr'><em>dente</em></span> <span class='ocrx_word' id='word_1_214' title='bbox 980 1960 1077 2031; x_wconf 93' lang='lat' dir='ltr'><em>populo</em></span> <span class='ocrx_word' id='word_1_215' title='bbox 1090 1977 1168 2030; x_wconf 86' lang='lat' dir='ltr'><em>quarn</em></span> <span class='ocrx_word' id='word_1_216' title='bbox 1181 1962 1202 2012; x_wconf 90' lang='lat' dir='ltr'><em>si</em></span> <span class='ocrx_word' id='word_1_217' title='bbox 1217 1960 1361 2012; x_wconf 77' lang='lat' dir='ltr'><em>Samuelem</em></span> <span class='ocrx_word' id='word_1_218' title='bbox 1376 1961 1505 2012; x_wconf 88' lang='lat' dir='ltr'><em>viventem</em></span> <span class='ocrx_word' id='word_1_219' title='bbox 1520 1972 1665 2013; x_wconf 83' lang='lat' dir='ltr'><em>cernerent.</em></span> 
     </span>
     <span class='ocr_line' id='line_1_22' title="bbox 80 2042 1667 2118; baseline 0 -20"><span class='ocrx_word' id='word_1_220' title='bbox 80 2045 227 2116; x_wconf 71' lang='lat' dir='ltr'><em>Byzantium,</em></span> <span class='ocrx_word' id='word_1_221' title='bbox 240 2046 434 2114; x_wconf 85' lang='lat' dir='ltr'><em>eorrusrapuit</em></span> <span class='ocrx_word' id='word_1_222' title='bbox 446 2047 671 2114; x_wconf 79' lang='lat' dir='ltr'><em>victimreparterrr,</em></span> <span class='ocrx_word' id='word_1_223' title='bbox 682 2061 791 2113; x_wconf 85' lang='lat' dir='ltr'><em>eamque</em></span> <span class='ocrx_word' id='word_1_224' title='bbox 799 2044 845 2096; x_wconf 89' lang='lat' dir='ltr'><em>de-</em></span> <span class='ocrx_word' id='word_1_225' title='bbox 889 2047 1004 2115; x_wconf 89' lang='lat' dir='ltr'><em>Quidam</em></span> <span class='ocrx_word' id='word_1_226' title='bbox 1028 2047 1143 2100; x_wconf 84' lang='lat' dir='ltr'><em>alierunt</em></span> <span class='ocrx_word' id='word_1_227' title='bbox 1164 2042 1328 2102; x_wconf 85' lang='lat' dir='ltr'><em>tlibasariurn</em></span> <span class='ocrx_word' id='word_1_228' title='bbox 1351 2049 1437 2099; x_wconf 86' lang='lat' dir='ltr'><em>vicum</em></span> <span class='ocrx_word' id='word_1_229' title='bbox 1457 2047 1612 2118; x_wconf 89' lang='lat' dir='ltr'><em>appellatum</em></span> <span class='ocrx_word' id='word_1_230' title='bbox 1633 2047 1667 2100; x_wconf 89' lang='lat' dir='ltr'><em>ab</em></span> 
     </span>
     <span class='ocr_line' id='line_1_23' title="bbox 81 2129 1667 2202; baseline 0.001 -20"><span class='ocrx_word' id='word_1_231' title='bbox 81 2133 151 2184; x_wconf 78' lang='lat' dir='ltr'><em>fereris</em></span> <span class='ocrx_word' id='word_1_232' title='bbox 160 2130 192 2182; x_wconf 82' lang='lat' dir='ltr'><em>ad</em></span> <span class='ocrx_word' id='word_1_233' title='bbox 206 2131 419 2200; x_wconf 84' lang='lat' dir='ltr'><em>promontorium</em></span> <span class='ocrx_word' id='word_1_234' title='bbox 431 2131 598 2198; x_wconf 86' lang='lat' dir='ltr'><em>Bosporium,</em></span> <span class='ocrx_word' id='word_1_235' title='bbox 607 2129 844 2182; x_wconf 70' lang='lat' dir='ltr'><em>‹teetamviroracu</em></span> <span class='ocrx_word' id='word_1_236' title='bbox 890 2135 956 2202; x_wconf 75' lang='lat' dir='ltr'><em>Agin</em></span> <span class='ocrx_word' id='word_1_237' title='bbox 968 2133 1077 2197; x_wconf 85' lang='lat' dir='ltr'><em>Basilio,</em></span> <span class='ocrx_word' id='word_1_238' title='bbox 1090 2133 1135 2184; x_wconf 86' lang='lat' dir='ltr'><em>sed</em></span> <span class='ocrx_word' id='word_1_239' title='bbox 1148 2133 1249 2185; x_wconf 91' lang='lat' dir='ltr'><em>nullum</em></span> <span class='ocrx_word' id='word_1_240' title='bbox 1260 2151 1291 2184; x_wconf 88' lang='lat' dir='ltr'><em>err</em></span> <span class='ocrx_word' id='word_1_241' title='bbox 1301 2132 1381 2184; x_wconf 85' lang='lat' dir='ltr'><em>literis</em></span> <span class='ocrx_word' id='word_1_242' title='bbox 1391 2132 1540 2202; x_wconf 90' lang='lat' dir='ltr'><em>producunt</em></span> <span class='ocrx_word' id='word_1_243' title='bbox 1552 2134 1667 2184; x_wconf 87' lang='lat' dir='ltr'><em>testimo·</em></span> 
     </span>
     <span class='ocr_line' id='line_1_24' title="bbox 80 2215 1668 2289; baseline -0.001 -19"><span class='ocrx_word' id='word_1_244' title='bbox 80 2217 324 2288; x_wconf 74' lang='lat' dir='ltr'><em>lumpraesiguil&#39;reure</em></span> <span class='ocrx_word' id='word_1_245' title='bbox 332 2217 486 2286; x_wconf 87' lang='lat' dir='ltr'><em>Bosporium</em></span> <span class='ocrx_word' id='word_1_246' title='bbox 495 2219 714 2286; x_wconf 88' lang='lat' dir='ltr'><em>promontorium,</em></span> <span class='ocrx_word' id='word_1_247' title='bbox 724 2215 796 2287; x_wconf 90' lang='lat' dir='ltr'><em>quod</em></span> <span class='ocrx_word' id='word_1_248' title='bbox 803 2215 846 2268; x_wconf 86' lang='lat' dir='ltr'><em>do·</em></span> <span class='ocrx_word' id='word_1_249' title='bbox 890 2220 974 2270; x_wconf 90' lang='lat' dir='ltr'><em>nium.</em></span> <span class='ocrx_word' id='word_1_250' title='bbox 987 2218 1053 2270; x_wconf 84' lang='lat' dir='ltr'><em>Mihi</em></span> <span class='ocrx_word' id='word_1_251' title='bbox 1067 2219 1154 2289; x_wconf 88' lang='lat' dir='ltr'><em>potius</em></span> <span class='ocrx_word' id='word_1_252' title='bbox 1165 2218 1236 2270; x_wconf 92' lang='lat' dir='ltr'><em>loeus</em></span> <span class='ocrx_word' id='word_1_253' title='bbox 1249 2218 1293 2269; x_wconf 92' lang='lat' dir='ltr'><em>bic</em></span> <span class='ocrx_word' id='word_1_254' title='bbox 1307 2235 1379 2269; x_wconf 86' lang='lat' dir='ltr'><em>sacer</em></span> <span class='ocrx_word' id='word_1_255' title='bbox 1391 2217 1468 2269; x_wconf 84' lang='lat' dir='ltr'><em>luisse</em></span> <span class='ocrx_word' id='word_1_256' title='bbox 1486 2217 1589 2269; x_wconf 87' lang='lat' dir='ltr'><em>ridetur</em></span> <span class='ocrx_word' id='word_1_257' title='bbox 1605 2217 1668 2270; x_wconf 88' lang='lat' dir='ltr'><em>divo</em></span> 
     </span>
     <span class='ocr_line' id='line_1_25' title="bbox 81 2301 1668 2372; baseline -0.001 -17"><span class='ocrx_word' id='word_1_258' title='bbox 81 2306 128 2355; x_wconf 89' lang='lat' dir='ltr'><em>linit</em></span> <span class='ocrx_word' id='word_1_259' title='bbox 139 2315 281 2356; x_wconf 70' lang='lat' dir='ltr'><em>extremum</em></span> <span class='ocrx_word' id='word_1_260' title='bbox 297 2321 326 2354; x_wconf 92' lang='lat' dir='ltr'><em>os</em></span> <span class='ocrx_word' id='word_1_261' title='bbox 338 2303 462 2372; x_wconf 84' lang='lat' dir='ltr'><em>Bospori,</em></span> <span class='ocrx_word' id='word_1_262' title='bbox 478 2301 522 2354; x_wconf 89' lang='lat' dir='ltr'><em>ubi</em></span> <span class='ocrx_word' id='word_1_263' title='bbox 532 2320 592 2354; x_wconf 86' lang='lat' dir='ltr'><em>curn</em></span> <span class='ocrx_word' id='word_1_264' title='bbox 606 2313 690 2354; x_wconf 87' lang='lat' dir='ltr'><em>esseut</em></span> <span class='ocrx_word' id='word_1_265' title='bbox 702 2319 808 2354; x_wconf 86' lang='lat' dir='ltr'><em>nemora</em></span> <span class='ocrx_word' id='word_1_266' title='bbox 820 2311 846 2354; x_wconf 89' lang='lat' dir='ltr'><em>et</em></span> <span class='ocrx_word' id='word_1_267' title='bbox 890 2306 1030 2368; x_wconf 88' lang='lat' dir='ltr'><em>blamauti,</em></span> <span class='ocrx_word' id='word_1_268' title='bbox 1052 2315 1081 2356; x_wconf 93' lang='lat' dir='ltr'><em>ut</em></span> <span class='ocrx_word' id='word_1_269' title='bbox 1106 2305 1222 2356; x_wconf 83' lang='lat' dir='ltr'><em>litteratis</em></span> <span class='ocrx_word' id='word_1_270' title='bbox 1245 2303 1403 2356; x_wconf 57' lang='lat' dir='ltr'><em>testimoniis*</em></span> <span class='ocrx_word' id='word_1_271' title='bbox 1423 2303 1557 2356; x_wconf 88' lang='lat' dir='ltr'><em>ostendam</em></span> <span class='ocrx_word' id='word_1_272' title='bbox 1573 2305 1600 2354; x_wconf 90' lang='lat' dir='ltr'><em>in</em></span> <span class='ocrx_word' id='word_1_273' title='bbox 1623 2303 1668 2354; x_wconf 89' lang='lat' dir='ltr'><em>de·</em></span> 
     </span>
     <span class='ocr_line' id='line_1_26' title="bbox 78 2386 1666 2462; baseline 0.003 -24"><span class='ocrx_word' id='word_1_274' title='bbox 78 2409 123 2440; x_wconf 78' lang='lat' dir='ltr'><em>orae</em></span> <span class='ocrx_word' id='word_1_275' title='bbox 140 2390 215 2440; x_wconf 84' lang='lat' dir='ltr'><em>maris</em></span> <span class='ocrx_word' id='word_1_276' title='bbox 235 2387 362 2458; x_wconf 75' lang='lat' dir='ltr'><em>palustres</em></span> <span class='ocrx_word' id='word_1_277' title='bbox 384 2404 553 2456; x_wconf 74' lang='lat' dir='ltr'><em>compascua,</em></span> <span class='ocrx_word' id='word_1_278' title='bbox 576 2386 666 2440; x_wconf 86' lang='lat' dir='ltr'><em>iisrlern</em></span> <span class='ocrx_word' id='word_1_279' title='bbox 684 2387 844 2456; x_wconf 83' lang='lat' dir='ltr'><em>pastionibus</em></span> <span class='ocrx_word' id='word_1_280' title='bbox 890 2394 1032 2462; x_wconf 86' lang='lat' dir='ltr'><em>scriptione</em></span> <span class='ocrx_word' id='word_1_281' title='bbox 1041 2391 1123 2443; x_wconf 91' lang='lat' dir='ltr'><em>urbis.</em></span> <span class='ocrx_word' id='word_1_282' title='bbox 1134 2392 1175 2444; x_wconf 75' lang='lat' dir='ltr'><em>Ab</em></span> <span class='ocrx_word' id='word_1_283' title='bbox 1188 2391 1240 2443; x_wconf 88' lang='lat' dir='ltr'><em>boc</em></span> <span class='ocrx_word' id='word_1_284' title='bbox 1248 2392 1305 2442; x_wconf 85' lang='lat' dir='ltr'><em>rico</em></span> <span class='ocrx_word' id='word_1_285' title='bbox 1314 2407 1396 2459; x_wconf 89' lang='lat' dir='ltr'><em>usque</em></span> <span class='ocrx_word' id='word_1_286' title='bbox 1407 2389 1441 2442; x_wconf 92' lang='lat' dir='ltr'><em>ad</em></span> <span class='ocrx_word' id='word_1_287' title='bbox 1450 2391 1516 2442; x_wconf 87' lang='lat' dir='ltr'><em>ostia</em></span> <span class='ocrx_word' id='word_1_288' title='bbox 1528 2391 1666 2442; x_wconf 88' lang='lat' dir='ltr'><em>lluminum</em></span> 
     </span>
     <span class='ocr_line' id='line_1_27' title="bbox 80 2457 1667 2546; baseline 0.001 -22"><span class='ocrx_word' id='word_1_289' title='bbox 80 2475 235 2526; x_wconf 78' lang='lat' dir='ltr'><em>rescelnntur</em></span> <span class='ocrx_word' id='word_1_290' title='bbox 245 2476 314 2526; x_wconf 86' lang='lat' dir='ltr'><em>cerri</em></span> <span class='ocrx_word' id='word_1_291' title='bbox 326 2484 352 2526; x_wconf 88' lang='lat' dir='ltr'><em>et</em></span> <span class='ocrx_word' id='word_1_292' title='bbox 364 2475 455 2543; x_wconf 84' lang='lat' dir='ltr'><em>pisces.</em></span> <span class='ocrx_word' id='word_1_293' title='bbox 473 2475 572 2525; x_wconf 86' lang='lat' dir='ltr'><em>Verum</em></span> <span class='ocrx_word' id='word_1_294' title='bbox 588 2457 616 2525; x_wconf 63' lang='grc' dir='ltr'><em>ἰιι</em></span> <span class='ocrx_word' id='word_1_295' title='bbox 629 2473 663 2525; x_wconf 90' lang='lat' dir='ltr'><em>ab</em></span> <span class='ocrx_word' id='word_1_296' title='bbox 677 2474 751 2526; x_wconf 90' lang='lat' dir='ltr'><em>initio</em></span> <span class='ocrx_word' id='word_1_297' title='bbox 763 2473 844 2524; x_wconf 91' lang='lat' dir='ltr'><em>litoris</em></span> <span class='ocrx_word' id='word_1_298' title='bbox 891 2495 937 2528; x_wconf 88' lang='lat' dir='ltr'><em>ora</em></span> <span class='ocrx_word' id='word_1_299' title='bbox 955 2477 1026 2528; x_wconf 88' lang='lat' dir='ltr'><em>sinus</em></span> <span class='ocrx_word' id='word_1_300' title='bbox 1041 2478 1068 2528; x_wconf 89' lang='lat' dir='ltr'><em>in</em></span> <span class='ocrx_word' id='word_1_301' title='bbox 1083 2477 1271 2546; x_wconf 85' lang='lat' dir='ltr'><em>septentriones</em></span> <span class='ocrx_word' id='word_1_302' title='bbox 1289 2476 1354 2526; x_wconf 79' lang='lat' dir='ltr'><em>llera</em></span> <span class='ocrx_word' id='word_1_303' title='bbox 1376 2475 1536 2545; x_wconf 88' lang='lat' dir='ltr'><em>aliquantum</em></span> <span class='ocrx_word' id='word_1_304' title='bbox 1554 2475 1667 2544; x_wconf 79' lang='lat' dir='ltr'><em>spartum</em></span> 
     </span>
     <span class='ocr_line' id='line_1_28' title="bbox 82 2558 1668 2632; baseline 0.001 -22"><span class='ocrx_word' id='word_1_305' title='bbox 82 2560 187 2629; x_wconf 70' lang='lat' dir='ltr'><em>lluropai</em></span> <span class='ocrx_word' id='word_1_306' title='bbox 202 2576 282 2628; x_wconf 73' lang='lat' dir='ltr'><em>usque</em></span> <span class='ocrx_word' id='word_1_307' title='bbox 295 2558 327 2610; x_wconf 91' lang='lat' dir='ltr'><em>ad</em></span> <span class='ocrx_word' id='word_1_308' title='bbox 341 2559 419 2611; x_wconf 87' lang='lat' dir='ltr'><em>linem</em></span> <span class='ocrx_word' id='word_1_309' title='bbox 432 2558 503 2610; x_wconf 83' lang='lat' dir='ltr'><em>urbis</em></span> <span class='ocrx_word' id='word_1_310' title='bbox 512 2598 519 2620; x_wconf 94' lang='lat'><em>,</em></span> <span class='ocrx_word' id='word_1_311' title='bbox 528 2576 586 2628; x_wconf 71' lang='lat' dir='ltr'><em>quse</em></span> <span class='ocrx_word' id='word_1_312' title='bbox 599 2558 660 2610; x_wconf 90' lang='lat' dir='ltr'><em>olim</em></span> <span class='ocrx_word' id='word_1_313' title='bbox 675 2559 730 2611; x_wconf 86' lang='lat' dir='ltr'><em>loca</em></span> <span class='ocrx_word' id='word_1_314' title='bbox 740 2559 846 2628; x_wconf 88' lang='lat' dir='ltr'><em>antiqua</em></span> <span class='ocrx_word' id='word_1_315' title='bbox 892 2562 1009 2632; x_wconf 89' lang='lat' dir='ltr'><em>procedit</em></span> <span class='ocrx_word' id='word_1_316' title='bbox 1023 2563 1105 2614; x_wconf 90' lang='lat' dir='ltr'><em>bortis</em></span> <span class='ocrx_word' id='word_1_317' title='bbox 1116 2561 1235 2631; x_wconf 76' lang='lat' dir='ltr'><em>frequens</em></span> <span class='ocrx_word' id='word_1_318' title='bbox 1247 2571 1272 2612; x_wconf 91' lang='lat' dir='ltr'><em>et</em></span> <span class='ocrx_word' id='word_1_319' title='bbox 1286 2560 1401 2612; x_wconf 73' lang='lat' dir='ltr'><em>:edificiis</em></span> <span class='ocrx_word' id='word_1_320' title='bbox 1414 2561 1491 2630; x_wconf 91' lang='lat' dir='ltr'><em>paulo</em></span> <span class='ocrx_word' id='word_1_321' title='bbox 1500 2561 1566 2612; x_wconf 90' lang='lat' dir='ltr'><em>ultra</em></span> <span class='ocrx_word' id='word_1_322' title='bbox 1577 2560 1668 2612; x_wconf 89' lang='lat' dir='ltr'><em>castel-</em></span> 
     </span>
     <span class='ocr_line' id='line_1_29' title="bbox 81 2643 1742 2719; baseline 0.001 -22"><span class='ocrx_word' id='word_1_323' title='bbox 81 2646 203 2706; x_wconf 82' lang='lat' dir='ltr'><em>lnbucrit,</em></span> <span class='ocrx_word' id='word_1_324' title='bbox 215 2661 305 2713; x_wconf 71' lang='lat' dir='ltr'><em>quaere</em></span> <span class='ocrx_word' id='word_1_325' title='bbox 323 2661 394 2696; x_wconf 89' lang='lat' dir='ltr'><em>nunc</em></span> <span class='ocrx_word' id='word_1_326' title='bbox 413 2661 479 2695; x_wconf 89' lang='lat' dir='ltr'><em>nora</em></span> <span class='ocrx_word' id='word_1_327' title='bbox 498 2644 589 2696; x_wconf 90' lang='lat' dir='ltr'><em>lrabeat</em></span> <span class='ocrx_word' id='word_1_328' title='bbox 608 2644 716 2714; x_wconf 84' lang='lat' dir='ltr'><em>Bospori</em></span> <span class='ocrx_word' id='word_1_329' title='bbox 728 2661 788 2706; x_wconf 88' lang='lat' dir='ltr'><em>ora,</em></span> <span class='ocrx_word' id='word_1_330' title='bbox 803 2643 847 2695; x_wconf 88' lang='lat' dir='ltr'><em>de·</em></span> <span class='ocrx_word' id='word_1_331' title='bbox 892 2648 945 2700; x_wconf 90' lang='lat' dir='ltr'><em>lum</em></span> <span class='ocrx_word' id='word_1_332' title='bbox 957 2666 1031 2719; x_wconf 69' lang='lat' dir='ltr'><em>aquae</em></span> <span class='ocrx_word' id='word_1_333' title='bbox 1044 2647 1221 2698; x_wconf 81' lang='lat' dir='ltr'><em>detluentisex</em></span> <span class='ocrx_word' id='word_1_334' title='bbox 1236 2645 1308 2698; x_wconf 88' lang='lat' dir='ltr'><em>collis</em></span> <span class='ocrx_word' id='word_1_335' title='bbox 1318 2645 1391 2697; x_wconf 83' lang='lat' dir='ltr'><em>valde</em></span> <span class='ocrx_word' id='word_1_336' title='bbox 1401 2647 1478 2715; x_wconf 89' lang='lat' dir='ltr'><em>proni</em></span> <span class='ocrx_word' id='word_1_337' title='bbox 1492 2645 1580 2698; x_wconf 88' lang='lat' dir='ltr'><em>medio</em></span> <span class='ocrx_word' id='word_1_338' title='bbox 1591 2645 1667 2709; x_wconf 83' lang='lat' dir='ltr'><em>clivo,</em></span> <span class='ocrx_word' id='word_1_339' title='bbox 1738 2700 1742 2711; x_wconf 77' lang='grc'>,</span> 
     </span>
     <span class='ocr_line' id='line_1_30' title="bbox 81 2728 1669 2802; baseline 0.001 -21"><span class='ocrx_word' id='word_1_340' title='bbox 81 2731 165 2782; x_wconf 82' lang='lat' dir='ltr'><em>clarari</em></span> <span class='ocrx_word' id='word_1_341' title='bbox 178 2748 184 2781; x_wconf 79' lang='grc' dir='ltr'>τ</span> <span class='ocrx_word' id='word_1_342' title='bbox 197 2732 230 2782; x_wconf 87' lang='lat' dir='ltr'><em>ita</em></span> <span class='ocrx_word' id='word_1_343' title='bbox 245 2728 368 2799; x_wconf 87' lang='lat' dir='ltr'><em>deinceps</em></span> <span class='ocrx_word' id='word_1_344' title='bbox 386 2747 468 2800; x_wconf 87' lang='lat' dir='ltr'><em>usque</em></span> <span class='ocrx_word' id='word_1_345' title='bbox 488 2728 520 2782; x_wconf 85' lang='lat' dir='ltr'><em>atl</em></span> <span class='ocrx_word' id='word_1_346' title='bbox 540 2731 654 2800; x_wconf 72' lang='lat' dir='ltr'><em>Cyaneas</em></span> <span class='ocrx_word' id='word_1_347' title='bbox 665 2729 797 2782; x_wconf 86' lang='lat' dir='ltr'><em>declarare</em></span> <span class='ocrx_word' id='word_1_348' title='bbox 814 2729 847 2781; x_wconf 88' lang='lat' dir='ltr'><em>ab</em></span> <span class='ocrx_word' id='word_1_349' title='bbox 893 2733 937 2784; x_wconf 89' lang='lat' dir='ltr'><em>ubi</em></span> <span class='ocrx_word' id='word_1_350' title='bbox 952 2751 1024 2785; x_wconf 87' lang='lat' dir='ltr'><em>sacer</em></span> <span class='ocrx_word' id='word_1_351' title='bbox 1034 2733 1223 2802; x_wconf 86' lang='lat' dir='ltr'><em>sonsperennis</em></span> <span class='ocrx_word' id='word_1_352' title='bbox 1236 2731 1303 2793; x_wconf 89' lang='lat' dir='ltr'><em>lluit,</em></span> <span class='ocrx_word' id='word_1_353' title='bbox 1316 2748 1393 2802; x_wconf 88' lang='lat' dir='ltr'><em>quern</em></span> <span class='ocrx_word' id='word_1_354' title='bbox 1405 2731 1568 2782; x_wconf 86' lang='lat' dir='ltr'><em>circumdant</em></span> <span class='ocrx_word' id='word_1_355' title='bbox 1577 2729 1669 2783; x_wconf 85' lang='lat' dir='ltr'><em>lunda-</em></span> 
     </span>
    </p>
   </div>
   <div class='ocr_carea' id='block_1_6' title="bbox 81 2816 857 4437">
    <p class='ocr_par' dir='ltr' id='par_1_7' title="bbox 81 2816 857 4437">
     <span class='ocr_line' id='line_1_31' title="bbox 81 2816 846 2886; baseline -0.001 -18"><span class='ocrx_word' id='word_1_356' title='bbox 81 2817 145 2868; x_wconf 88' lang='lat' dir='ltr'><em>urbis</em></span> <span class='ocrx_word' id='word_1_357' title='bbox 163 2819 212 2870; x_wconf 84' lang='lat' dir='ltr'><em>fine</em></span> <span class='ocrx_word' id='word_1_358' title='bbox 223 2819 356 2868; x_wconf 85' lang='lat' dir='ltr'><em>constitui.</em></span> <span class='ocrx_word' id='word_1_359' title='bbox 371 2823 394 2870; x_wconf 82' lang='grc' dir='ltr'>Λ</span> <span class='ocrx_word' id='word_1_360' title='bbox 409 2835 462 2886; x_wconf 91' lang='lat' dir='ltr'><em>quo</em></span> <span class='ocrx_word' id='word_1_361' title='bbox 480 2817 585 2886; x_wconf 87' lang='lat' dir='ltr'><em>quidem</em></span> <span class='ocrx_word' id='word_1_362' title='bbox 599 2817 650 2869; x_wconf 85' lang='lat' dir='ltr'><em>srne</em></span> <span class='ocrx_word' id='word_1_363' title='bbox 665 2819 691 2868; x_wconf 92' lang='lat' dir='ltr'><em>in</em></span> <span class='ocrx_word' id='word_1_364' title='bbox 707 2816 846 2886; x_wconf 79' lang='lat' dir='ltr'><em>longitudi-</em></span> 
     </span>
     <span class='ocr_line' id='line_1_32' title="bbox 82 2902 848 2975; baseline -0.003 -21"><span class='ocrx_word' id='word_1_365' title='bbox 82 2923 133 2955; x_wconf 89' lang='lat' dir='ltr'><em>nem</em></span> <span class='ocrx_word' id='word_1_366' title='bbox 147 2905 185 2956; x_wconf 82' lang='lat' dir='ltr'><em>bis</em></span> <span class='ocrx_word' id='word_1_367' title='bbox 194 2904 261 2956; x_wconf 89' lang='lat' dir='ltr'><em>mille</em></span> <span class='ocrx_word' id='word_1_368' title='bbox 271 2921 393 2975; x_wconf 81' lang='lat' dir='ltr'><em>passuum</em></span> <span class='ocrx_word' id='word_1_369' title='bbox 403 2922 537 2974; x_wconf 78' lang='lat' dir='ltr'><em>progressa</em></span> <span class='ocrx_word' id='word_1_370' title='bbox 551 2902 583 2956; x_wconf 89' lang='lat' dir='ltr'><em>ad</em></span> <span class='ocrx_word' id='word_1_371' title='bbox 594 2903 699 2967; x_wconf 78' lang='lat' dir='ltr'><em>ilerum,</em></span> <span class='ocrx_word' id='word_1_372' title='bbox 713 2921 767 2975; x_wconf 90' lang='lat' dir='ltr'><em>quo</em></span> <span class='ocrx_word' id='word_1_373' title='bbox 777 2904 848 2954; x_wconf 86' lang='lat' dir='ltr'><em>sinus</em></span> 
     </span>
     <span class='ocr_line' id='line_1_33' title="bbox 82 2990 849 3061; baseline -0.003 -19"><span class='ocrx_word' id='word_1_374' title='bbox 82 2992 181 3043; x_wconf 83' lang='lat' dir='ltr'><em>tendens</em></span> <span class='ocrx_word' id='word_1_375' title='bbox 197 2991 228 3043; x_wconf 82' lang='lat' dir='ltr'><em>acl</em></span> <span class='ocrx_word' id='word_1_376' title='bbox 240 3008 361 3043; x_wconf 82' lang='lat' dir='ltr'><em>occasum</em></span> <span class='ocrx_word' id='word_1_377' title='bbox 378 2994 528 3043; x_wconf 83' lang='lat' dir='ltr'><em>incurratur</em></span> <span class='ocrx_word' id='word_1_378' title='bbox 541 2990 574 3043; x_wconf 89' lang='lat' dir='ltr'><em>ad</em></span> <span class='ocrx_word' id='word_1_379' title='bbox 588 2991 784 3061; x_wconf 88' lang='lat' dir='ltr'><em>septentriones,</em></span> <span class='ocrx_word' id='word_1_380' title='bbox 798 3007 849 3041; x_wconf 89' lang='lat' dir='ltr'><em>ma·</em></span> 
     </span>
     <span class='ocr_line' id='line_1_34' title="bbox 83 3076 847 3146; baseline -0.003 -19"><span class='ocrx_word' id='word_1_381' title='bbox 83 3078 160 3129; x_wconf 80' lang='lat' dir='ltr'><em>ritirna</em></span> <span class='ocrx_word' id='word_1_382' title='bbox 178 3078 295 3146; x_wconf 71' lang='lat' dir='ltr'><em>planities</em></span> <span class='ocrx_word' id='word_1_383' title='bbox 303 3079 472 3129; x_wconf 88' lang='lat' dir='ltr'><em>continuatur</em></span> <span class='ocrx_word' id='word_1_384' title='bbox 488 3094 547 3128; x_wconf 89' lang='lat' dir='ltr'><em>curn</em></span> <span class='ocrx_word' id='word_1_385' title='bbox 560 3078 611 3129; x_wconf 84' lang='lat' dir='ltr'><em>ima</em></span> <span class='ocrx_word' id='word_1_386' title='bbox 621 3076 691 3133; x_wconf 81' lang='lat' dir='ltr'><em>vallis</em></span> <span class='ocrx_word' id='word_1_387' title='bbox 707 3076 812 3145; x_wconf 90' lang='lat' dir='ltr'><em>planitie</em></span> <span class='ocrx_word' id='word_1_388' title='bbox 823 3076 847 3125; x_wconf 92' lang='lat' dir='ltr'><em>in</em></span> 
     </span>
     <span class='ocr_line' id='line_1_35' title="bbox 85 3162 849 3235; baseline 0.001 -22"><span class='ocrx_word' id='word_1_389' title='bbox 85 3166 118 3213; x_wconf 56' lang='lat' dir='ltr'><em>bis</em></span> <span class='ocrx_word' id='word_1_390' title='bbox 129 3164 195 3215; x_wconf 86' lang='lat' dir='ltr'><em>mille</em></span> <span class='ocrx_word' id='word_1_391' title='bbox 215 3180 336 3235; x_wconf 74' lang='lat' dir='ltr'><em>passuum</em></span> <span class='ocrx_word' id='word_1_392' title='bbox 354 3164 542 3231; x_wconf 78' lang='lat' dir='ltr'><em>longitudinem</em></span> <span class='ocrx_word' id='word_1_393' title='bbox 563 3172 590 3213; x_wconf 87' lang='lat' dir='ltr'><em>et</em></span> <span class='ocrx_word' id='word_1_394' title='bbox 609 3162 772 3214; x_wconf 86' lang='lat' dir='ltr'><em>latitudinem</em></span> <span class='ocrx_word' id='word_1_395' title='bbox 786 3180 849 3233; x_wconf 92' lang='lat' dir='ltr'><em>qua·</em></span> 
     </span>
     <span class='ocr_line' id='line_1_36' title="bbox 86 3244 848 3321; baseline 0.001 -22"><span class='ocrx_word' id='word_1_396' title='bbox 86 3250 271 3319; x_wconf 74' lang='lat' dir='ltr'><em>driugentnrum</em></span> <span class='ocrx_word' id='word_1_397' title='bbox 290 3262 408 3321; x_wconf 81' lang='lat' dir='ltr'><em>patente,</em></span> <span class='ocrx_word' id='word_1_398' title='bbox 429 3260 454 3301; x_wconf 89' lang='lat' dir='ltr'><em>et</em></span> <span class='ocrx_word' id='word_1_399' title='bbox 463 3250 541 3319; x_wconf 90' lang='lat' dir='ltr'><em>paulo</em></span> <span class='ocrx_word' id='word_1_400' title='bbox 554 3249 659 3317; x_wconf 90' lang='lat' dir='ltr'><em>quidem</em></span> <span class='ocrx_word' id='word_1_401' title='bbox 674 3244 784 3319; x_wconf 83' lang='lat' dir='ltr'><em>am&#39;plius</em></span> <span class='ocrx_word' id='word_1_402' title='bbox 798 3264 848 3317; x_wconf 88' lang='lat' dir='ltr'><em>qua</em></span> 
     </span>
     <span class='ocr_line' id='line_1_37' title="bbox 88 3334 848 3408; baseline 0 -23"><span class='ocrx_word' id='word_1_403' title='bbox 88 3338 147 3389; x_wconf 75' lang='lat' dir='ltr'><em>callis</em></span> <span class='ocrx_word' id='word_1_404' title='bbox 159 3340 303 3391; x_wconf 81' lang='lat' dir='ltr'><em>insinuatur</em></span> <span class='ocrx_word' id='word_1_405' title='bbox 313 3340 339 3389; x_wconf 90' lang='lat' dir='ltr'><em>in</em></span> <span class='ocrx_word' id='word_1_406' title='bbox 354 3337 441 3408; x_wconf 88' lang='lat' dir='ltr'><em>plures</em></span> <span class='ocrx_word' id='word_1_407' title='bbox 454 3354 532 3405; x_wconf 88' lang='lat' dir='ltr'><em>quarn</em></span> <span class='ocrx_word' id='word_1_408' title='bbox 546 3334 697 3404; x_wconf 87' lang='lat' dir='ltr'><em>quindecim</em></span> <span class='ocrx_word' id='word_1_409' title='bbox 710 3334 848 3397; x_wconf 80' lang='lat' dir='ltr'><em>valliculas,</em></span> 
     </span>
     <span class='ocr_line' id='line_1_38' title="bbox 86 3420 849 3485; baseline -0.001 -12"><span class='ocrx_word' id='word_1_410' title='bbox 86 3424 138 3474; x_wconf 77' lang='lat' dir='ltr'><em>alias</em></span> <span class='ocrx_word' id='word_1_411' title='bbox 146 3434 240 3485; x_wconf 80' lang='lat' dir='ltr'><em>rectas,</em></span> <span class='ocrx_word' id='word_1_412' title='bbox 254 3424 317 3481; x_wconf 88' lang='lat' dir='ltr'><em>alias</em></span> <span class='ocrx_word' id='word_1_413' title='bbox 329 3434 495 3484; x_wconf 84' lang='lat' dir='ltr'><em>transversas,</em></span> <span class='ocrx_word' id='word_1_414' title='bbox 514 3438 605 3471; x_wconf 89' lang='lat' dir='ltr'><em>omnes</em></span> <span class='ocrx_word' id='word_1_415' title='bbox 615 3422 642 3471; x_wconf 91' lang='lat' dir='ltr'><em>irr</em></span> <span class='ocrx_word' id='word_1_416' title='bbox 654 3438 736 3472; x_wconf 90' lang='lat' dir='ltr'><em>rmum</em></span> <span class='ocrx_word' id='word_1_417' title='bbox 746 3420 849 3473; x_wconf 90' lang='lat' dir='ltr'><em>collium</em></span> 
     </span>
     <span class='ocr_line' id='line_1_39' title="bbox 87 3507 851 3575; baseline 0 -16"><span class='ocrx_word' id='word_1_418' title='bbox 87 3510 180 3561; x_wconf 87' lang='lat' dir='ltr'><em>dorsum</em></span> <span class='ocrx_word' id='word_1_419' title='bbox 196 3510 353 3572; x_wconf 87' lang='lat' dir='ltr'><em>desinentes,</em></span> <span class='ocrx_word' id='word_1_420' title='bbox 368 3518 460 3560; x_wconf 84' lang='lat' dir='ltr'><em>natura</em></span> <span class='ocrx_word' id='word_1_421' title='bbox 479 3507 579 3559; x_wconf 78' lang='lat' dir='ltr'><em>[arente</em></span> <span class='ocrx_word' id='word_1_422' title='bbox 597 3508 678 3575; x_wconf 83' lang='lat' dir='ltr'><em>quieti</em></span> <span class='ocrx_word' id='word_1_423' title='bbox 695 3508 776 3559; x_wconf 89' lang='lat' dir='ltr'><em>sinus.</em></span> <span class='ocrx_word' id='word_1_424' title='bbox 790 3510 851 3559; x_wconf 78' lang='lat' dir='ltr'><em>Huc</em></span> 
     </span>
     <span class='ocr_line' id='line_1_40' title="bbox 87 3594 852 3664; baseline 0.004 -18"><span class='ocrx_word' id='word_1_425' title='bbox 87 3596 205 3664; x_wconf 81' lang='lat' dir='ltr'><em>plamties,</em></span> <span class='ocrx_word' id='word_1_426' title='bbox 219 3598 272 3647; x_wconf 86' lang='lat' dir='ltr'><em>sire</em></span> <span class='ocrx_word' id='word_1_427' title='bbox 289 3596 419 3647; x_wconf 90' lang='lat' dir='ltr'><em>maritima</em></span> <span class='ocrx_word' id='word_1_428' title='bbox 435 3596 488 3645; x_wconf 82' lang='lat' dir='ltr'><em>sire</em></span> <span class='ocrx_word' id='word_1_429' title='bbox 502 3596 528 3645; x_wconf 92' lang='lat' dir='ltr'><em>in</em></span> <span class='ocrx_word' id='word_1_430' title='bbox 542 3594 631 3646; x_wconf 86' lang='lat' dir='ltr'><em>vallem</em></span> <span class='ocrx_word' id='word_1_431' title='bbox 642 3595 784 3659; x_wconf 88' lang='lat' dir='ltr'><em>insinuata,</em></span> <span class='ocrx_word' id='word_1_432' title='bbox 799 3606 852 3649; x_wconf 87' lang='lat' dir='ltr'><em>tota</em></span> 
     </span>
     <span class='ocr_line' id='line_1_41' title="bbox 88 3680 852 3750; baseline 0 -19"><span class='ocrx_word' id='word_1_433' title='bbox 88 3680 189 3732; x_wconf 82' lang='lat' dir='ltr'><em>adificiis</em></span> <span class='ocrx_word' id='word_1_434' title='bbox 199 3680 252 3733; x_wconf 86' lang='lat' dir='ltr'><em>lere</em></span> <span class='ocrx_word' id='word_1_435' title='bbox 261 3692 389 3750; x_wconf 87' lang='lat' dir='ltr'><em>occupata</em></span> <span class='ocrx_word' id='word_1_436' title='bbox 400 3690 437 3731; x_wconf 87' lang='lat' dir='ltr'><em>est</em></span> <span class='ocrx_word' id='word_1_437' title='bbox 449 3680 621 3743; x_wconf 81' lang='lat' dir='ltr'><em>suburbanis,</em></span> <span class='ocrx_word' id='word_1_438' title='bbox 638 3680 722 3733; x_wconf 84' lang='lat' dir='ltr'><em>vicum</em></span> <span class='ocrx_word' id='word_1_439' title='bbox 740 3680 852 3733; x_wconf 78' lang='lat' dir='ltr'><em>efficien-</em></span> 
     </span>
     <span class='ocr_line' id='line_1_42' title="bbox 89 3764 851 3836; baseline 0.004 -21"><span class='ocrx_word' id='word_1_440' title='bbox 89 3766 147 3816; x_wconf 86' lang='lat' dir='ltr'><em>tibus</em></span> <span class='ocrx_word' id='word_1_441' title='bbox 163 3766 255 3836; x_wconf 85' lang='lat' dir='ltr'><em>partim</em></span> <span class='ocrx_word' id='word_1_442' title='bbox 274 3766 301 3816; x_wconf 89' lang='lat' dir='ltr'><em>in</em></span> <span class='ocrx_word' id='word_1_443' title='bbox 320 3764 426 3835; x_wconf 83' lang='lat' dir='ltr'><em>planitie</em></span> <span class='ocrx_word' id='word_1_444' title='bbox 440 3765 535 3834; x_wconf 73' lang='lat' dir='ltr'><em>purtim</em></span> <span class='ocrx_word' id='word_1_445' title='bbox 557 3767 582 3817; x_wconf 93' lang='lat' dir='ltr'><em>in</em></span> <span class='ocrx_word' id='word_1_446' title='bbox 602 3765 710 3817; x_wconf 89' lang='lat' dir='ltr'><em>collibus</em></span> <span class='ocrx_word' id='word_1_447' title='bbox 727 3768 851 3836; x_wconf 89' lang='lat' dir='ltr'><em>positum,</em></span> 
     </span>
     <span class='ocr_line' id='line_1_43' title="bbox 90 3850 852 3922; baseline 0.003 -19"><span class='ocrx_word' id='word_1_448' title='bbox 90 3863 199 3920; x_wconf 84' lang='lat' dir='ltr'><em>quattuor</em></span> <span class='ocrx_word' id='word_1_449' title='bbox 221 3850 302 3904; x_wconf 86' lang='lat' dir='ltr'><em>millia</em></span> <span class='ocrx_word' id='word_1_450' title='bbox 322 3868 443 3921; x_wconf 66' lang='lat' dir='ltr'><em>passuum</em></span> <span class='ocrx_word' id='word_1_451' title='bbox 465 3852 576 3903; x_wconf 89' lang='lat' dir='ltr'><em>circuitu</em></span> <span class='ocrx_word' id='word_1_452' title='bbox 598 3853 771 3922; x_wconf 80' lang='lat' dir='ltr'><em>complexum.</em></span> <span class='ocrx_word' id='word_1_453' title='bbox 794 3856 852 3905; x_wconf 86' lang='lat' dir='ltr'><em>Non</em></span> 
     </span>
     <span class='ocr_line' id='line_1_44' title="bbox 91 3937 851 4009; baseline 0.003 -20"><span class='ocrx_word' id='word_1_454' title='bbox 91 3940 148 3990; x_wconf 80' lang='lat' dir='ltr'><em>urim</em></span> <span class='ocrx_word' id='word_1_455' title='bbox 164 3940 260 4008; x_wconf 90' lang='lat' dir='ltr'><em>ubique</em></span> <span class='ocrx_word' id='word_1_456' title='bbox 272 3937 380 3989; x_wconf 75' lang='lat' dir='ltr'><em>aedilicia</em></span> <span class='ocrx_word' id='word_1_457' title='bbox 394 3939 462 3989; x_wconf 92' lang='lat' dir='ltr'><em>inter</em></span> <span class='ocrx_word' id='word_1_458' title='bbox 481 3938 691 4001; x_wconf 86' lang='lat' dir='ltr'><em>secontinentia,</em></span> <span class='ocrx_word' id='word_1_459' title='bbox 702 3939 746 3991; x_wconf 85' lang='lat' dir='ltr'><em>serl</em></span> <span class='ocrx_word' id='word_1_460' title='bbox 763 3958 851 4009; x_wconf 78' lang='lat' dir='ltr'><em>sparsa</em></span> 
     </span>
     <span class='ocr_line' id='line_1_45' title="bbox 93 4021 855 4094; baseline 0.005 -23"><span class='ocrx_word' id='word_1_461' title='bbox 93 4026 300 4091; x_wconf 69' lang='lat' dir='ltr'><em>ragamunTotus</em></span> <span class='ocrx_word' id='word_1_462' title='bbox 307 4021 511 4075; x_wconf 83' lang='lat' dir='ltr'><em>ableebmetanis</em></span> <span class='ocrx_word' id='word_1_463' title='bbox 520 4025 590 4074; x_wconf 85' lang='lat' dir='ltr'><em>vicus</em></span> <span class='ocrx_word' id='word_1_464' title='bbox 598 4023 728 4075; x_wconf 87' lang='lat' dir='ltr'><em>habitatur</em></span> <span class='ocrx_word' id='word_1_465' title='bbox 736 4038 755 4076; x_wconf 83' lang='lat'><em>¹.</em></span> <span class='ocrx_word' id='word_1_466' title='bbox 765 4028 855 4094; x_wconf 86' lang='lat' dir='ltr'><em>ltaque</em></span> 
     </span>
     <span class='ocr_line' id='line_1_46' title="bbox 95 4108 854 4161; baseline 0.005 -4"><span class='ocrx_word' id='word_1_467' title='bbox 95 4108 199 4161; x_wconf 87' lang='lat' dir='ltr'><em>undecim</em></span> <span class='ocrx_word' id='word_1_468' title='bbox 213 4108 282 4161; x_wconf 72' lang='lat' dir='ltr'><em>ades</em></span> <span class='ocrx_word' id='word_1_469' title='bbox 298 4108 375 4161; x_wconf 85' lang='lat' dir='ltr'><em>babet</em></span> <span class='ocrx_word' id='word_1_470' title='bbox 386 4108 538 4159; x_wconf 68' lang='lat' dir='ltr'><em>ceremonia</em></span> <span class='ocrx_word' id='word_1_471' title='bbox 551 4108 744 4161; x_wconf 75' lang='lat' dir='ltr'><em>bleebmetane.</em></span> <span class='ocrx_word' id='word_1_472' title='bbox 758 4111 854 4161; x_wconf 88' lang='lat' dir='ltr'><em>Eurum</em></span> 
     </span>
     <span class='ocr_line' id='line_1_47' title="bbox 94 4192 854 4265; baseline 0.004 -20"><span class='ocrx_word' id='word_1_473' title='bbox 94 4197 300 4265; x_wconf 76' lang='lat' dir='ltr'><em>‹etuisprastarrt</em></span> <span class='ocrx_word' id='word_1_474' title='bbox 313 4205 380 4257; x_wconf 84' lang='lat' dir='ltr'><em>tres,</em></span> <span class='ocrx_word' id='word_1_475' title='bbox 389 4192 421 4245; x_wconf 88' lang='lat' dir='ltr'><em>ad</em></span> <span class='ocrx_word' id='word_1_476' title='bbox 434 4211 545 4262; x_wconf 85' lang='lat' dir='ltr'><em>quarum</em></span> <span class='ocrx_word' id='word_1_477' title='bbox 557 4196 695 4245; x_wconf 75' lang='lat' dir='ltr'><em>maximam</em></span> <span class='ocrx_word' id='word_1_478' title='bbox 707 4196 854 4247; x_wconf 87' lang='lat' dir='ltr'><em>Turcorum</em></span> 
     </span>
     <span class='ocr_line' id='line_1_48' title="bbox 96 4278 853 4348; baseline 0.003 -19"><span class='ocrx_word' id='word_1_479' title='bbox 96 4297 131 4330; x_wconf 80' lang='lat' dir='ltr'><em>rer</em></span> <span class='ocrx_word' id='word_1_480' title='bbox 140 4280 302 4342; x_wconf 82' lang='lat' dir='ltr'><em>sacrificium,</em></span> <span class='ocrx_word' id='word_1_481' title='bbox 318 4278 389 4348; x_wconf 92' lang='lat' dir='ltr'><em>quod</em></span> <span class='ocrx_word' id='word_1_482' title='bbox 401 4278 552 4331; x_wconf 81' lang='lat' dir='ltr'><em>Carbanum</em></span> <span class='ocrx_word' id='word_1_483' title='bbox 565 4289 666 4343; x_wconf 85' lang='lat' dir='ltr'><em>vocant,</em></span> <span class='ocrx_word' id='word_1_484' title='bbox 680 4280 763 4332; x_wconf 83' lang='lat' dir='ltr'><em>lacere</em></span> <span class='ocrx_word' id='word_1_485' title='bbox 774 4281 853 4345; x_wconf 90' lang='lat' dir='ltr'><em>solet,</em></span> 
     </span>
     <span class='ocr_line' id='line_1_49' title="bbox 96 4364 857 4437; baseline 0.008 -22"><span class='ocrx_word' id='word_1_486' title='bbox 96 4382 144 4417; x_wconf 87' lang='lat' dir='ltr'><em>curn</em></span> <span class='ocrx_word' id='word_1_487' title='bbox 151 4366 280 4437; x_wconf 81' lang='lat' dir='ltr'><em>quippiam</em></span> <span class='ocrx_word' id='word_1_488' title='bbox 290 4364 403 4419; x_wconf 89' lang='lat' dir='ltr'><em>arduum</em></span> <span class='ocrx_word' id='word_1_489' title='bbox 417 4366 574 4433; x_wconf 77' lang='lat' dir='ltr'><em>aggreditur.</em></span> <span class='ocrx_word' id='word_1_490' title='bbox 587 4370 665 4419; x_wconf 82' lang='lat' dir='ltr'><em>turta</em></span> <span class='ocrx_word' id='word_1_491' title='bbox 674 4368 736 4419; x_wconf 82' lang='lat' dir='ltr'><em>adis</em></span> <span class='ocrx_word' id='word_1_492' title='bbox 749 4368 857 4421; x_wconf 82' lang='lat' dir='ltr'><em>vestibu-</em></span> 
     </span>
    </p>
   </div>
   <div class='ocr_carea' id='block_1_7' title="bbox 100 4518 856 4582">
    <p class='ocr_par' dir='ltr' id='par_1_8' title="bbox 100 4518 856 4582">
     <span class='ocr_line' id='line_1_50' title="bbox 100 4518 856 4582; baseline 0.008 -11"><span class='ocrx_word' id='word_1_493' title='bbox 100 4518 856 4582; x_wconf 60' lang='lat' dir='ltr'><em>martiummntonmreot,ertnchronsnnsunrin.</em></span> 
     </span>
    </p>
   </div>
   <div class='ocr_carea' id='block_1_8' title="bbox 892 2815 1699 4439">
    <p class='ocr_par' dir='ltr' id='par_1_9' title="bbox 892 2815 1699 4439">
     <span class='ocr_line' id='line_1_51' title="bbox 894 2815 1670 2887; baseline -0.004 -17"><span class='ocrx_word' id='word_1_494' title='bbox 894 2829 981 2870; x_wconf 88' lang='lat' dir='ltr'><em>menta</em></span> <span class='ocrx_word' id='word_1_495' title='bbox 993 2819 1105 2887; x_wconf 69' lang='lat' dir='ltr'><em>antiquae</em></span> <span class='ocrx_word' id='word_1_496' title='bbox 1115 2817 1192 2880; x_wconf 73' lang='lat' dir='ltr'><em>redis,</em></span> <span class='ocrx_word' id='word_1_497' title='bbox 1202 2833 1281 2886; x_wconf 87' lang='lat' dir='ltr'><em>quarn</em></span> <span class='ocrx_word' id='word_1_498' title='bbox 1293 2815 1382 2883; x_wconf 77' lang='lat' dir='ltr'><em>vulgus</em></span> <span class='ocrx_word' id='word_1_499' title='bbox 1393 2816 1546 2867; x_wconf 82' lang='lat' dir='ltr'><em>Graecorum</em></span> <span class='ocrx_word' id='word_1_500' title='bbox 1560 2816 1670 2885; x_wconf 84' lang='lat' dir='ltr'><em>appellat</em></span> 
     </span>
     <span class='ocr_line' id='line_1_52' title="bbox 892 2900 1670 2970; baseline -0.001 -17"><span class='ocrx_word' id='word_1_501' title='bbox 892 2903 979 2954; x_wconf 87' lang='lat' dir='ltr'><em>diram</em></span> <span class='ocrx_word' id='word_1_502' title='bbox 986 2903 1125 2966; x_wconf 85' lang='lat' dir='ltr'><em>Pbotinen,</em></span> <span class='ocrx_word' id='word_1_503' title='bbox 1140 2918 1201 2953; x_wconf 92' lang='lat' dir='ltr'><em>cum</em></span> <span class='ocrx_word' id='word_1_504' title='bbox 1212 2901 1335 2952; x_wconf 89' lang='lat' dir='ltr'><em>tamenin</em></span> <span class='ocrx_word' id='word_1_505' title='bbox 1347 2900 1397 2952; x_wconf 88' lang='lat' dir='ltr'><em>boc</em></span> <span class='ocrx_word' id='word_1_506' title='bbox 1409 2900 1465 2952; x_wconf 87' lang='lat' dir='ltr'><em>loco</em></span> <span class='ocrx_word' id='word_1_507' title='bbox 1475 2911 1520 2952; x_wconf 88' lang='lat' dir='ltr'><em>aut</em></span> <span class='ocrx_word' id='word_1_508' title='bbox 1530 2919 1583 2952; x_wconf 92' lang='lat' dir='ltr'><em>non</em></span> <span class='ocrx_word' id='word_1_509' title='bbox 1594 2901 1670 2970; x_wconf 77' lang='lat' dir='ltr'><em>longe</em></span> 
     </span>
     <span class='ocr_line' id='line_1_53' title="bbox 894 2987 1670 3043; baseline -0.001 -2"><span class='ocrx_word' id='word_1_510' title='bbox 894 3002 995 3043; x_wconf 89' lang='lat' dir='ltr'><em>remoto</em></span> <span class='ocrx_word' id='word_1_511' title='bbox 1007 2990 1085 3042; x_wconf 79' lang='lat' dir='ltr'><em>luisse</em></span> <span class='ocrx_word' id='word_1_512' title='bbox 1099 2990 1216 3041; x_wconf 87' lang='lat' dir='ltr'><em>rideatur</em></span> <span class='ocrx_word' id='word_1_513' title='bbox 1235 2988 1303 3041; x_wconf 73' lang='lat' dir='ltr'><em>aedes</em></span> <span class='ocrx_word' id='word_1_514' title='bbox 1320 2987 1373 3040; x_wconf 87' lang='lat' dir='ltr'><em>divi</em></span> <span class='ocrx_word' id='word_1_515' title='bbox 1390 2990 1490 3041; x_wconf 78' lang='lat' dir='ltr'><em>Cosmae</em></span> <span class='ocrx_word' id='word_1_516' title='bbox 1507 2999 1533 3040; x_wconf 89' lang='lat' dir='ltr'><em>et</em></span> <span class='ocrx_word' id='word_1_517' title='bbox 1549 2990 1670 3041; x_wconf 88' lang='lat' dir='ltr'><em>Damiarri</em></span> 
     </span>
     <span class='ocr_line' id='line_1_54' title="bbox 893 3074 1671 3146; baseline -0.003 -19"><span class='ocrx_word' id='word_1_518' title='bbox 893 3094 924 3127; x_wconf 86' lang='grc' dir='ltr'><em>σνι</em></span> <span class='ocrx_word' id='word_1_519' title='bbox 940 3077 1094 3146; x_wconf 77' lang='lat' dir='ltr'><em>Procopio‘,</em></span> <span class='ocrx_word' id='word_1_520' title='bbox 1113 3093 1173 3127; x_wconf 92' lang='lat' dir='ltr'><em>cum</em></span> <span class='ocrx_word' id='word_1_521' title='bbox 1190 3076 1226 3126; x_wconf 92' lang='lat' dir='ltr'><em>ait</em></span> <span class='ocrx_word' id='word_1_522' title='bbox 1238 3074 1272 3125; x_wconf 87' lang='lat' dir='ltr'><em>ad</em></span> <span class='ocrx_word' id='word_1_523' title='bbox 1292 3074 1369 3125; x_wconf 86' lang='lat' dir='ltr'><em>finem</em></span> <span class='ocrx_word' id='word_1_524' title='bbox 1382 3074 1453 3125; x_wconf 87' lang='lat' dir='ltr'><em>sinus</em></span> <span class='ocrx_word' id='word_1_525' title='bbox 1475 3074 1501 3124; x_wconf 94' lang='lat' dir='ltr'><em>in</em></span> <span class='ocrx_word' id='word_1_526' title='bbox 1515 3074 1573 3126; x_wconf 89' lang='lat' dir='ltr'><em>loco</em></span> <span class='ocrx_word' id='word_1_527' title='bbox 1585 3074 1671 3126; x_wconf 88' lang='lat' dir='ltr'><em>arduo</em></span> 
     </span>
     <span class='ocr_line' id='line_1_55' title="bbox 894 3158 1672 3228; baseline 0 -16"><span class='ocrx_word' id='word_1_528' title='bbox 894 3170 920 3213; x_wconf 91' lang='lat' dir='ltr'><em>ct</em></span> <span class='ocrx_word' id='word_1_529' title='bbox 935 3162 1100 3213; x_wconf 86' lang='lat' dir='ltr'><em>rebcmentec</em></span> <span class='ocrx_word' id='word_1_530' title='bbox 1110 3160 1215 3212; x_wconf 87' lang='lat' dir='ltr'><em>sublimi</em></span> <span class='ocrx_word' id='word_1_531' title='bbox 1233 3158 1357 3228; x_wconf 89' lang='lat' dir='ltr'><em>templum</em></span> <span class='ocrx_word' id='word_1_532' title='bbox 1378 3158 1445 3210; x_wconf 89' lang='lat' dir='ltr'><em>divis</em></span> <span class='ocrx_word' id='word_1_533' title='bbox 1462 3160 1562 3211; x_wconf 76' lang='lat' dir='ltr'><em>Cosrnre</em></span> <span class='ocrx_word' id='word_1_534' title='bbox 1581 3170 1606 3211; x_wconf 90' lang='lat' dir='ltr'><em>et</em></span> <span class='ocrx_word' id='word_1_535' title='bbox 1621 3162 1672 3212; x_wconf 86' lang='lat' dir='ltr'><em>Da·</em></span> 
     </span>
     <span class='ocr_line' id='line_1_56' title="bbox 896 3240 1671 3317; baseline -0.001 -19"><span class='ocrx_word' id='word_1_536' title='bbox 896 3245 1044 3317; x_wconf 86' lang='lat' dir='ltr'><em>mianojam</em></span> <span class='ocrx_word' id='word_1_537' title='bbox 1053 3246 1086 3298; x_wconf 87' lang='lat' dir='ltr'><em>ab</em></span> <span class='ocrx_word' id='word_1_538' title='bbox 1095 3240 1208 3314; x_wconf 85' lang='lat' dir='ltr'><em>antiquis</em></span> <span class='ocrx_word' id='word_1_539' title='bbox 1224 3262 1306 3313; x_wconf 90' lang='lat' dir='ltr'><em>usque</em></span> <span class='ocrx_word' id='word_1_540' title='bbox 1324 3244 1485 3315; x_wconf 86' lang='lat' dir='ltr'><em>temporibus</em></span> <span class='ocrx_word' id='word_1_541' title='bbox 1498 3246 1671 3297; x_wconf 86' lang='lat' dir='ltr'><em>constitutum</em></span> 
     </span>
     <span class='ocr_line' id='line_1_57' title="bbox 897 3329 1671 3403; baseline -0.003 -20"><span class='ocrx_word' id='word_1_542' title='bbox 897 3332 990 3395; x_wconf 79' lang='lat' dir='ltr'><em>luisse,</em></span> <span class='ocrx_word' id='word_1_543' title='bbox 1009 3330 1080 3403; x_wconf 89' lang='lat' dir='ltr'><em>quod</em></span> <span class='ocrx_word' id='word_1_544' title='bbox 1101 3334 1186 3383; x_wconf 88' lang='lat' dir='ltr'><em>statim</em></span> <span class='ocrx_word' id='word_1_545' title='bbox 1201 3330 1306 3382; x_wconf 88' lang='lat' dir='ltr'><em>videtur</em></span> <span class='ocrx_word' id='word_1_546' title='bbox 1318 3330 1351 3382; x_wconf 92' lang='lat' dir='ltr'><em>ab</em></span> <span class='ocrx_word' id='word_1_547' title='bbox 1366 3329 1570 3399; x_wconf 78' lang='lat' dir='ltr'><em>ingredientibus</em></span> <span class='ocrx_word' id='word_1_548' title='bbox 1584 3331 1671 3382; x_wconf 87' lang='lat' dir='ltr'><em>sinum</em></span> 
     </span>
     <span class='ocr_line' id='line_1_58' title="bbox 896 3416 1671 3486; baseline -0.003 -15"><span class='ocrx_word' id='word_1_549' title='bbox 896 3420 982 3471; x_wconf 88' lang='lat' dir='ltr'><em>Ceras.</em></span> <span class='ocrx_word' id='word_1_550' title='bbox 995 3420 1157 3471; x_wconf 77' lang='lat' dir='ltr'><em>iustinianus</em></span> <span class='ocrx_word' id='word_1_551' title='bbox 1168 3420 1309 3486; x_wconf 89' lang='lat' dir='ltr'><em>imperator</em></span> <span class='ocrx_word' id='word_1_552' title='bbox 1319 3417 1422 3468; x_wconf 80' lang='lat' dir='ltr'><em>babitus</em></span> <span class='ocrx_word' id='word_1_553' title='bbox 1431 3416 1538 3469; x_wconf 88' lang='lat' dir='ltr'><em>medicis</em></span> <span class='ocrx_word' id='word_1_554' title='bbox 1544 3416 1598 3486; x_wconf 86' lang='lat' dir='ltr'><em>jam</em></span> <span class='ocrx_word' id='word_1_555' title='bbox 1609 3420 1671 3469; x_wconf 87' lang='lat' dir='ltr'><em>rici·</em></span> 
     </span>
     <span class='ocr_line' id='line_1_59' title="bbox 897 3500 1672 3572; baseline -0.006 -14"><span class='ocrx_word' id='word_1_556' title='bbox 897 3524 945 3557; x_wconf 90' lang='lat' dir='ltr'><em>nus</em></span> <span class='ocrx_word' id='word_1_557' title='bbox 956 3505 989 3557; x_wconf 91' lang='lat' dir='ltr'><em>ad</em></span> <span class='ocrx_word' id='word_1_558' title='bbox 1000 3504 1175 3567; x_wconf 85' lang='lat' dir='ltr'><em>moriendum,</em></span> <span class='ocrx_word' id='word_1_559' title='bbox 1185 3502 1306 3553; x_wconf 88' lang='lat' dir='ltr'><em>divorum</em></span> <span class='ocrx_word' id='word_1_560' title='bbox 1316 3500 1436 3572; x_wconf 75' lang='lat' dir='ltr'><em>precibus</em></span> <span class='ocrx_word' id='word_1_561' title='bbox 1447 3512 1572 3564; x_wconf 88' lang='lat' dir='ltr'><em>servatus,</em></span> <span class='ocrx_word' id='word_1_562' title='bbox 1585 3514 1614 3554; x_wconf 88' lang='lat' dir='ltr'><em>ut</em></span> <span class='ocrx_word' id='word_1_563' title='bbox 1624 3502 1672 3553; x_wconf 81' lang='lat' dir='ltr'><em>illis</em></span> 
     </span>
     <span class='ocr_line' id='line_1_60' title="bbox 896 3587 1699 3660; baseline -0.006 -17"><span class='ocrx_word' id='word_1_564' title='bbox 896 3592 1004 3660; x_wconf 79' lang='lat' dir='ltr'><em>gratiam</em></span> <span class='ocrx_word' id='word_1_565' title='bbox 1018 3590 1135 3653; x_wconf 78' lang='lat' dir='ltr'><em>referret,</em></span> <span class='ocrx_word' id='word_1_566' title='bbox 1153 3588 1280 3658; x_wconf 90' lang='lat' dir='ltr'><em>templum</em></span> <span class='ocrx_word' id='word_1_567' title='bbox 1290 3587 1338 3638; x_wconf 90' lang='lat' dir='ltr'><em>illis</em></span> <span class='ocrx_word' id='word_1_568' title='bbox 1354 3604 1455 3637; x_wconf 88' lang='lat' dir='ltr'><em>sacrorn</em></span> <span class='ocrx_word' id='word_1_569' title='bbox 1467 3589 1601 3639; x_wconf 84' lang='lat' dir='ltr'><em>immutata</em></span> <span class='ocrx_word' id='word_1_570' title='bbox 1619 3589 1673 3657; x_wconf 89' lang='lat' dir='ltr'><em>pri·</em></span> <span class='ocrx_word' id='word_1_571' title='bbox 1691 3614 1699 3630; x_wconf 88' lang='lat'><strong>·</strong></span> 
     </span>
     <span class='ocr_line' id='line_1_61' title="bbox 899 3674 1671 3747; baseline -0.008 -16"><span class='ocrx_word' id='word_1_572' title='bbox 899 3682 966 3731; x_wconf 77' lang='lat' dir='ltr'><em>stiria</em></span> <span class='ocrx_word' id='word_1_573' title='bbox 980 3678 1077 3741; x_wconf 78' lang='lat' dir='ltr'><em>forma,</em></span> <span class='ocrx_word' id='word_1_574' title='bbox 1093 3694 1152 3747; x_wconf 70' lang='lat' dir='ltr'><em>quae</em></span> <span class='ocrx_word' id='word_1_575' title='bbox 1170 3674 1289 3743; x_wconf 82' lang='lat' dir='ltr'><em>ignobilis</em></span> <span class='ocrx_word' id='word_1_576' title='bbox 1302 3684 1356 3724; x_wconf 90' lang='lat' dir='ltr'><em>erat</em></span> <span class='ocrx_word' id='word_1_577' title='bbox 1366 3682 1391 3724; x_wconf 90' lang='lat' dir='ltr'><em>et</em></span> <span class='ocrx_word' id='word_1_578' title='bbox 1405 3674 1552 3725; x_wconf 86' lang='lat' dir='ltr'><em>ornamenti</em></span> <span class='ocrx_word' id='word_1_579' title='bbox 1568 3692 1671 3743; x_wconf 83' lang='lat' dir='ltr'><em>expers,</em></span> 
     </span>
     <span class='ocr_line' id='line_1_62' title="bbox 898 3758 1672 3839; baseline -0.012 -20"><span class='ocrx_word' id='word_1_580' title='bbox 898 3767 1006 3839; x_wconf 87' lang='lat' dir='ltr'><em>pulcbre</em></span> <span class='ocrx_word' id='word_1_581' title='bbox 1023 3776 1049 3817; x_wconf 88' lang='lat' dir='ltr'><em>et</em></span> <span class='ocrx_word' id='word_1_582' title='bbox 1069 3762 1205 3831; x_wconf 76' lang='lat' dir='ltr'><em>magnifice</em></span> <span class='ocrx_word' id='word_1_583' title='bbox 1223 3760 1389 3821; x_wconf 78' lang='lat' dir='ltr'><em>instaurarit,</em></span> <span class='ocrx_word' id='word_1_584' title='bbox 1405 3769 1431 3810; x_wconf 91' lang='lat' dir='ltr'><em>et</em></span> <span class='ocrx_word' id='word_1_585' title='bbox 1444 3758 1573 3811; x_wconf 90' lang='lat' dir='ltr'><em>luminum</em></span> <span class='ocrx_word' id='word_1_586' title='bbox 1588 3760 1672 3829; x_wconf 90' lang='lat' dir='ltr'><em>splen·</em></span> 
     </span>
     <span class='ocr_line' id='line_1_63' title="bbox 898 3845 1674 3917; baseline -0.01 -11"><span class='ocrx_word' id='word_1_587' title='bbox 898 3856 962 3907; x_wconf 88' lang='lat' dir='ltr'><em>dore</em></span> <span class='ocrx_word' id='word_1_588' title='bbox 976 3853 1120 3905; x_wconf 88' lang='lat' dir='ltr'><em>illustrarit.</em></span> <span class='ocrx_word' id='word_1_589' title='bbox 1143 3849 1174 3901; x_wconf 91' lang='lat' dir='ltr'><em>Id</em></span> <span class='ocrx_word' id='word_1_590' title='bbox 1197 3846 1322 3917; x_wconf 89' lang='lat' dir='ltr'><em>templum</em></span> <span class='ocrx_word' id='word_1_591' title='bbox 1345 3849 1365 3897; x_wconf 86' lang='lat' dir='ltr'><em>si</em></span> <span class='ocrx_word' id='word_1_592' title='bbox 1390 3845 1456 3898; x_wconf 87' lang='lat' dir='ltr'><em>sorte</em></span> <span class='ocrx_word' id='word_1_593' title='bbox 1469 3849 1615 3898; x_wconf 82' lang='lat' dir='ltr'><em>accuratius</em></span> <span class='ocrx_word' id='word_1_594' title='bbox 1628 3866 1674 3898; x_wconf 84' lang='lat' dir='ltr'><em>err·</em></span> 
     </span>
     <span class='ocr_line' id='line_1_64' title="bbox 899 3931 1673 4010; baseline -0.009 -19"><span class='ocrx_word' id='word_1_595' title='bbox 899 3942 1003 4010; x_wconf 87' lang='lat' dir='ltr'><em>quircre</em></span> <span class='ocrx_word' id='word_1_596' title='bbox 1025 3938 1100 3999; x_wconf 87' lang='lat' dir='ltr'><em>velis,</em></span> <span class='ocrx_word' id='word_1_597' title='bbox 1124 3936 1182 3987; x_wconf 87' lang='lat' dir='ltr'><em>ride</em></span> <span class='ocrx_word' id='word_1_598' title='bbox 1200 3933 1323 4003; x_wconf 76' lang='lat' dir='ltr'><em>:lrrtlrymi</em></span> <span class='ocrx_word' id='word_1_599' title='bbox 1344 3933 1464 4001; x_wconf 62' lang='lat' dir='ltr'><em>martpris</em></span> <span class='ocrx_word' id='word_1_600' title='bbox 1482 3931 1580 3996; x_wconf 73' lang='lat' dir='ltr'><em>ecdem,</em></span> <span class='ocrx_word' id='word_1_601' title='bbox 1595 3949 1673 4001; x_wconf 88' lang='lat' dir='ltr'><em>quam</em></span> 
     </span>
     <span class='ocr_line' id='line_1_65' title="bbox 900 4016 1674 4094; baseline -0.013 -16"><span class='ocrx_word' id='word_1_602' title='bbox 900 4025 1042 4094; x_wconf 86' lang='lat' dir='ltr'><em>Procopius</em></span> <span class='ocrx_word' id='word_1_603' title='bbox 1066 4022 1140 4093; x_wconf 90' lang='lat' dir='ltr'><em>pouit</em></span> <span class='ocrx_word' id='word_1_604' title='bbox 1160 4038 1175 4071; x_wconf 90' lang='lat' dir='ltr'><em>e</em></span> <span class='ocrx_word' id='word_1_605' title='bbox 1192 4020 1297 4085; x_wconf 75' lang='lat' dir='ltr'><em>regione</em></span> <span class='ocrx_word' id='word_1_606' title='bbox 1315 4018 1341 4068; x_wconf 91' lang='lat' dir='ltr'><em>irr</em></span> <span class='ocrx_word' id='word_1_607' title='bbox 1362 4017 1448 4069; x_wconf 87' lang='lat' dir='ltr'><em>littore</em></span> <span class='ocrx_word' id='word_1_608' title='bbox 1464 4016 1595 4069; x_wconf 89' lang='lat' dir='ltr'><em>ulteriore.</em></span> <span class='ocrx_word' id='word_1_609' title='bbox 1616 4020 1674 4069; x_wconf 83' lang='lat' dir='ltr'><em>lam</em></span> 
     </span>
     <span class='ocr_line' id='line_1_66' title="bbox 899 4101 1675 4163; baseline -0.013 0"><span class='ocrx_word' id='word_1_610' title='bbox 899 4121 985 4163; x_wconf 84' lang='lat' dir='ltr'><em>autem</em></span> <span class='ocrx_word' id='word_1_611' title='bbox 1008 4128 1024 4161; x_wconf 91' lang='lat' dir='ltr'><em>a</em></span> <span class='ocrx_word' id='word_1_612' title='bbox 1048 4107 1118 4159; x_wconf 83' lang='lat' dir='ltr'><em>sonte</em></span> <span class='ocrx_word' id='word_1_613' title='bbox 1137 4105 1204 4156; x_wconf 81' lang='lat' dir='ltr'><em>diere</em></span> <span class='ocrx_word' id='word_1_614' title='bbox 1223 4104 1339 4156; x_wconf 84' lang='lat' dir='ltr'><em>Pbotirrre</em></span> <span class='ocrx_word' id='word_1_615' title='bbox 1356 4101 1389 4153; x_wconf 91' lang='lat' dir='ltr'><em>ad</em></span> <span class='ocrx_word' id='word_1_616' title='bbox 1404 4103 1469 4153; x_wconf 77' lang='lat' dir='ltr'><em>‹rstia</em></span> <span class='ocrx_word' id='word_1_617' title='bbox 1492 4102 1630 4153; x_wconf 88' lang='lat' dir='ltr'><em>tlumirrurrr</em></span> <span class='ocrx_word' id='word_1_618' title='bbox 1649 4112 1675 4153; x_wconf 88' lang='lat' dir='ltr'><em>ct</em></span> 
     </span>
     <span class='ocr_line' id='line_1_67' title="bbox 900 4186 1676 4267; baseline -0.017 -19"><span class='ocrx_word' id='word_1_619' title='bbox 900 4195 1110 4267; x_wconf 87' lang='lat' dir='ltr'><em>promontorium</em></span> <span class='ocrx_word' id='word_1_620' title='bbox 1124 4194 1259 4260; x_wconf 70' lang='lat' dir='ltr'><em>Semystra</em></span> <span class='ocrx_word' id='word_1_621' title='bbox 1271 4187 1401 4240; x_wconf 86' lang='lat' dir='ltr'><em>arrrbular&#39;r</em></span> <span class='ocrx_word' id='word_1_622' title='bbox 1415 4188 1518 4238; x_wconf 74' lang='lat' dir='ltr'><em>eiu-iter</em></span> <span class='ocrx_word' id='word_1_623' title='bbox 1533 4186 1602 4237; x_wconf 89' lang='lat' dir='ltr'><em>mille</em></span> <span class='ocrx_word' id='word_1_624' title='bbox 1617 4205 1676 4257; x_wconf 90' lang='lat' dir='ltr'><em>pas·</em></span> 
     </span>
     <span class='ocr_line' id='line_1_68' title="bbox 901 4274 1676 4347; baseline -0.012 -12"><span class='ocrx_word' id='word_1_625' title='bbox 901 4302 953 4335; x_wconf 85' lang='lat' dir='ltr'><em>sus.</em></span> <span class='ocrx_word' id='word_1_626' title='bbox 965 4286 1020 4334; x_wconf 83' lang='lat' dir='ltr'><em>Cur</em></span> <span class='ocrx_word' id='word_1_627' title='bbox 1030 4300 1091 4332; x_wconf 83' lang='lat' dir='ltr'><em>vero</em></span> <span class='ocrx_word' id='word_1_628' title='bbox 1103 4289 1210 4330; x_wconf 83' lang='lat' dir='ltr'><em>vocetur</em></span> <span class='ocrx_word' id='word_1_629' title='bbox 1218 4280 1362 4347; x_wconf 69' lang='lat' dir='ltr'><em>Senrystra,</em></span> <span class='ocrx_word' id='word_1_630' title='bbox 1377 4286 1403 4327; x_wconf 85' lang='lat' dir='ltr'><em>et</em></span> <span class='ocrx_word' id='word_1_631' title='bbox 1416 4274 1512 4345; x_wconf 88' lang='lat' dir='ltr'><em>quibus</em></span> <span class='ocrx_word' id='word_1_632' title='bbox 1525 4274 1676 4326; x_wconf 86' lang='lat' dir='ltr'><em>nominibus</em></span> 
     </span>
     <span class='ocr_line' id='line_1_69' title="bbox 901 4358 1596 4439; baseline -0.014 -18"><span class='ocrx_word' id='word_1_633' title='bbox 901 4369 1061 4439; x_wconf 79' lang='lat' dir='ltr'><em>appttenrur</em></span> <span class='ocrx_word' id='word_1_634' title='bbox 1079 4366 1195 4426; x_wconf 81' lang='lat' dir='ltr'><em>flumina,</em></span> <span class='ocrx_word' id='word_1_635' title='bbox 1209 4364 1348 4431; x_wconf 80' lang='lat' dir='ltr'><em>Dionysius</em></span> <span class='ocrx_word' id='word_1_636' title='bbox 1362 4360 1499 4429; x_wconf 74' lang='lat' dir='ltr'><em>Byrantius</em></span> <span class='ocrx_word' id='word_1_637' title='bbox 1509 4358 1596 4411; x_wconf 87' lang='lat' dir='ltr'><em>docet.</em></span> 
     </span>
    </p>
   </div>
   <div class='ocr_carea' id='block_1_9' title="bbox 901 4514 1676 4593">
    <p class='ocr_par' dir='ltr' id='par_1_10' title="bbox 901 4514 1676 4593">
     <span class='ocr_line' id='line_1_70' title="bbox 901 4514 1676 4593; baseline -0.014 -18"><span class='ocrx_word' id='word_1_638' title='bbox 901 4524 968 4575; x_wconf 89' lang='lat' dir='ltr'><em>bone</em></span> <span class='ocrx_word' id='word_1_639' title='bbox 987 4540 1013 4593; x_wconf 90' lang='lat' dir='ltr'><em>p.</em></span> <span class='ocrx_word' id='word_1_640' title='bbox 1031 4524 1098 4581; x_wconf 77' lang='lat'><em>320,</em></span> <span class='ocrx_word' id='word_1_641' title='bbox 1112 4518 1222 4588; x_wconf 78' lang='lat' dir='ltr'><em>Polybio</em></span> <span class='ocrx_word' id='word_1_642' title='bbox 1244 4520 1277 4578; x_wconf 80' lang='lat' dir='ltr'><em>r,</em></span> <span class='ocrx_word' id='word_1_643' title='bbox 1294 4518 1327 4577; x_wconf 65' lang='lat'><em>[13</em></span> <span class='ocrx_word' id='word_1_644' title='bbox 1345 4526 1372 4567; x_wconf 87' lang='lat' dir='ltr'><em>et</em></span> <span class='ocrx_word' id='word_1_645' title='bbox 1386 4514 1471 4567; x_wconf 88' lang='lat' dir='ltr'><em>Plinio</em></span> <span class='ocrx_word' id='word_1_646' title='bbox 1487 4515 1518 4576; x_wconf 85' lang='lat'><em>5,</em></span> <span class='ocrx_word' id='word_1_647' title='bbox 1533 4533 1557 4565; x_wconf 91' lang='lat' dir='ltr'><em>c.</em></span> <span class='ocrx_word' id='word_1_648' title='bbox 1573 4515 1616 4567; x_wconf 81' lang='lat'><em>32.</em></span> <span class='ocrx_word' id='word_1_649' title='bbox 1633 4514 1676 4570; x_wconf 84' lang='lat' dir='ltr'><em>Cl.</em></span> 
     </span>
    </p>
   </div>
   <div class='ocr_carea' id='block_1_10' title="bbox 102 4593 1678 5295">
    <p class='ocr_par' dir='ltr' id='par_1_11' title="bbox 102 4593 1677 4904">
     <span class='ocr_line' id='line_1_71' title="bbox 102 4593 1677 4667; baseline 0 -20"><span class='ocrx_word' id='word_1_650' title='bbox 102 4598 204 4648; x_wconf 70' lang='lat' dir='ltr'><em>enema</em></span> <span class='ocrx_word' id='word_1_651' title='bbox 223 4597 369 4667; x_wconf 67' lang='lat' dir='ltr'><em>Hespcbius</em></span> <span class='ocrx_word' id='word_1_652' title='bbox 393 4608 452 4667; x_wconf 89' lang='lat' dir='ltr'><em>post</em></span> <span class='ocrx_word' id='word_1_653' title='bbox 472 4598 549 4649; x_wconf 88' lang='lat' dir='ltr'><em>verba</em></span> <span class='ocrx_word' id='word_1_654' title='bbox 572 4600 651 4667; x_wconf 74' lang='grc' dir='ltr'>στόμα</span> <span class='ocrx_word' id='word_1_655' title='bbox 667 4600 760 4653; x_wconf 79' lang='grc' dir='ltr'>Πόντου</span> <span class='ocrx_word' id='word_1_656' title='bbox 779 4602 857 4653; x_wconf 88' lang='lat' dir='ltr'><em>aliurn</em></span> <span class='ocrx_word' id='word_1_657' title='bbox 902 4614 956 4653; x_wconf 90' lang='lat' dir='ltr'><em>not.</em></span> <span class='ocrx_word' id='word_1_658' title='bbox 969 4602 1003 4653; x_wconf 88' lang='lat' dir='ltr'><em>ad</em></span> <span class='ocrx_word' id='word_1_659' title='bbox 1017 4601 1050 4655; x_wconf 75' lang='grc' dir='ltr'>[ν.</span> <span class='ocrx_word' id='word_1_660' title='bbox 1071 4604 1112 4653; x_wconf 85' lang='grc'><em>18.</em></span> <span class='ocrx_word' id='word_1_661' title='bbox 1127 4628 1163 4637; x_wconf 96' lang='grc'>-</span> <span class='ocrx_word' id='word_1_662' title='bbox 1177 4599 1208 4648; x_wconf 93' lang='lat' dir='ltr'><em>ln</em></span> <span class='ocrx_word' id='word_1_663' title='bbox 1230 4612 1306 4647; x_wconf 86' lang='lat' dir='ltr'><em>versu</em></span> <span class='ocrx_word' id='word_1_664' title='bbox 1320 4594 1437 4647; x_wconf 86' lang='lat' dir='ltr'><em>secundo</em></span> <span class='ocrx_word' id='word_1_665' title='bbox 1454 4594 1584 4663; x_wconf 69' lang='grc' dir='ltr'>στενυγρὸν</span> <span class='ocrx_word' id='word_1_666' title='bbox 1604 4593 1677 4647; x_wconf 88' lang='lat' dir='ltr'><em>dedit</em></span> 
     </span>
     <span class='ocr_line' id='line_1_72' title="bbox 104 4672 1676 4749; baseline -0.001 -24"><span class='ocrx_word' id='word_1_667' title='bbox 104 4674 226 4744; x_wconf 87' lang='lat' dir='ltr'><em>interponit</em></span> <span class='ocrx_word' id='word_1_668' title='bbox 239 4690 362 4727; x_wconf 78' lang='lat' dir='ltr'><em>versum:</em></span> <span class='ocrx_word' id='word_1_669' title='bbox 379 4674 438 4727; x_wconf 83' lang='grc' dir='ltr'>ἔνθα</span> <span class='ocrx_word' id='word_1_670' title='bbox 451 4675 620 4737; x_wconf 61' lang='lat' dir='ltr'><em>&amp;deorbitasse</em></span> <span class='ocrx_word' id='word_1_671' title='bbox 636 4677 724 4743; x_wconf 78' lang='grc' dir='ltr'>πολιὴν</span> <span class='ocrx_word' id='word_1_672' title='bbox 743 4679 859 4733; x_wconf 77' lang='grc' dir='ltr'>λάπτουσι</span> <span class='ocrx_word' id='word_1_673' title='bbox 902 4681 1026 4749; x_wconf 75' lang='lat' dir='ltr'><em>Berglrius</em></span> <span class='ocrx_word' id='word_1_674' title='bbox 1040 4680 1189 4732; x_wconf 79' lang='lat' dir='ltr'><em>comment.</em></span> <span class='ocrx_word' id='word_1_675' title='bbox 1204 4676 1264 4727; x_wconf 85' lang='lat' dir='ltr'><em>erit.</em></span> <span class='ocrx_word' id='word_1_676' title='bbox 1278 4691 1309 4735; x_wconf 80' lang='lat' dir='ltr'><em>a,</em></span> <span class='ocrx_word' id='word_1_677' title='bbox 1324 4692 1351 4743; x_wconf 92' lang='lat' dir='ltr'><em>p.</em></span> <span class='ocrx_word' id='word_1_678' title='bbox 1368 4692 1399 4741; x_wconf 74' lang='lat'><em>93</em></span> <span class='ocrx_word' id='word_1_679' title='bbox 1414 4672 1488 4741; x_wconf 69' lang='grc' dir='ltr'>ὑγρὸν</span> <span class='ocrx_word' id='word_1_680' title='bbox 1503 4673 1620 4742; x_wconf 71' lang='lat' dir='ltr'><em>prebent</em></span> <span class='ocrx_word' id='word_1_681' title='bbox 1633 4692 1676 4723; x_wconf 89' lang='lat' dir='ltr'><em>co·</em></span> 
     </span>
     <span class='ocr_line' id='line_1_73' title="bbox 106 4751 1675 4831; baseline 0.003 -32"><span class='ocrx_word' id='word_1_682' title='bbox 106 4751 428 4805; x_wconf 63' lang='lat' dir='ltr'><em>emmeramensem</em></span> <span class='ocrx_word' id='word_1_683' title='bbox 441 4763 467 4804; x_wconf 90' lang='lat' dir='ltr'><em>et</em></span> <span class='ocrx_word' id='word_1_684' title='bbox 481 4764 631 4821; x_wconf 74' lang='lat' dir='ltr'><em>sequentem</em></span> <span class='ocrx_word' id='word_1_685' title='bbox 644 4754 705 4831; x_wconf 78' lang='grc' dir='ltr'><em>Ιἕνθσι</em></span> <span class='ocrx_word' id='word_1_686' title='bbox 723 4754 791 4825; x_wconf 67' lang='grc' dir='ltr'>ἰχθυς</span> <span class='ocrx_word' id='word_1_687' title='bbox 808 4768 858 4809; x_wconf 91' lang='lat' dir='ltr'><em>etc.</em></span> <span class='ocrx_word' id='word_1_688' title='bbox 902 4760 973 4811; x_wconf 85' lang='lat' dir='ltr'><em>dices</em></span> <span class='ocrx_word' id='word_1_689' title='bbox 994 4758 1117 4826; x_wconf 85' lang='lat' dir='ltr'><em>Stephani</em></span> <span class='ocrx_word' id='word_1_690' title='bbox 1137 4766 1162 4806; x_wconf 87' lang='lat' dir='ltr'><em>et</em></span> <span class='ocrx_word' id='word_1_691' title='bbox 1183 4754 1316 4822; x_wconf 77' lang='lat' dir='ltr'><em>Dionysii3</em></span> <span class='ocrx_word' id='word_1_692' title='bbox 1336 4751 1407 4823; x_wconf 87' lang='lat' dir='ltr'><em>apud</em></span> <span class='ocrx_word' id='word_1_693' title='bbox 1429 4752 1541 4821; x_wconf 69' lang='lat' dir='ltr'><em>Hcspcb.</em></span> <span class='ocrx_word' id='word_1_694' title='bbox 1561 4751 1675 4819; x_wconf 77' lang='lat' dir='ltr'><em>legitur:</em></span> 
     </span>
     <span class='ocr_line' id='line_1_74' title="bbox 108 4828 1263 4904; baseline 0.003 -24"><span class='ocrx_word' id='word_1_695' title='bbox 108 4828 162 4880; x_wconf 80' lang='lat' dir='ltr'><em>sulus</em></span> <span class='ocrx_word' id='word_1_696' title='bbox 172 4830 290 4883; x_wconf 76' lang='lat' dir='ltr'><em>exhibent</em></span> <span class='ocrx_word' id='word_1_697' title='bbox 302 4829 419 4883; x_wconf 87' lang='lat' dir='ltr'><em>Codinus</em></span> <span class='ocrx_word' id='word_1_698' title='bbox 432 4841 458 4883; x_wconf 89' lang='lat' dir='ltr'><em>et</em></span> <span class='ocrx_word' id='word_1_699' title='bbox 471 4831 570 4883; x_wconf 89' lang='lat' dir='ltr'><em>Cbron.</em></span> <span class='ocrx_word' id='word_1_700' title='bbox 589 4834 723 4888; x_wconf 89' lang='lat' dir='ltr'><em>Constant.</em></span> <span class='ocrx_word' id='word_1_701' title='bbox 741 4836 859 4904; x_wconf 85' lang='lat' dir='ltr'><em>Denique</em></span> <span class='ocrx_word' id='word_1_702' title='bbox 904 4836 977 4901; x_wconf 74' lang='grc' dir='ltr'>ἀκτῆς</span> <span class='ocrx_word' id='word_1_703' title='bbox 990 4835 1103 4904; x_wconf 54' lang='lat' dir='ltr'><em>Opperiar</em></span> <span class='ocrx_word' id='word_1_704' title='bbox 1117 4834 1138 4885; x_wconf 82' lang='grc' dir='ltr'><em>τ’</em></span> <span class='ocrx_word' id='word_1_705' title='bbox 1153 4833 1263 4901; x_wconf 74' lang='grc' dir='ltr'>ἔνυγρον.</span> 
     </span>
    </p>

    <p class='ocr_par' dir='ltr' id='par_1_12' title="bbox 110 4906 1677 5135">
     <span class='ocr_line' id='line_1_75' title="bbox 110 4906 1677 4985; baseline -0.01 -10"><span class='ocrx_word' id='word_1_706' title='bbox 110 4906 232 4974; x_wconf 61' lang='lat' dir='ltr'><em>S&#39;B’l&#39;ffl</em></span> <span class='ocrx_word' id='word_1_707' title='bbox 242 4910 303 4977; x_wconf 80' lang='lat' dir='ltr'><em>Byr.</em></span> <span class='ocrx_word' id='word_1_708' title='bbox 317 4918 478 4979; x_wconf 67' lang='lat' dir='ltr'><em>preterire</em></span> <span class='ocrx_word' id='word_1_709' title='bbox 498 4928 602 4973; x_wconf 77' lang='lat' dir='ltr'><em>versus,</em></span> <span class='ocrx_word' id='word_1_710' title='bbox 618 4914 662 4981; x_wconf 90' lang='lat' dir='ltr'><em>qui</em></span> <span class='ocrx_word' id='word_1_711' title='bbox 677 4912 745 4983; x_wconf 87' lang='lat' dir='ltr'><em>apud</em></span> <span class='ocrx_word' id='word_1_712' title='bbox 763 4916 860 4985; x_wconf 75' lang='lat' dir='ltr'><em>Diony·</em></span> <span class='ocrx_word' id='word_1_713' title='bbox 942 4932 965 4967; x_wconf 93' lang='lat' dir='ltr'><em>r.</em></span> <span class='ocrx_word' id='word_1_714' title='bbox 981 4916 1061 4966; x_wconf 88' lang='lat' dir='ltr'><em>Vicus</em></span> <span class='ocrx_word' id='word_1_715' title='bbox 1078 4930 1149 4965; x_wconf 88' lang='lat' dir='ltr'><em>nunc</em></span> <span class='ocrx_word' id='word_1_716' title='bbox 1170 4910 1240 4980; x_wconf 68' lang='lat' dir='ltr'><em>tsjut</em></span> <span class='ocrx_word' id='word_1_717' title='bbox 1259 4919 1374 4961; x_wconf 85' lang='lat' dir='ltr'><em>vocatur.</em></span> <span class='ocrx_word' id='word_1_718' title='bbox 1394 4910 1430 4963; x_wconf 83' lang='lat' dir='ltr'><em>V,</em></span> <span class='ocrx_word' id='word_1_719' title='bbox 1451 4908 1584 4959; x_wconf 89' lang='lat' dir='ltr'><em>llammer.</em></span> <span class='ocrx_word' id='word_1_720' title='bbox 1602 4912 1677 4959; x_wconf 79' lang='lat' dir='ltr'><em>(ons-</em></span> 
     </span>
     <span class='ocr_line' id='line_1_76' title="bbox 112 4984 1677 5062; baseline -0.002 -25"><span class='ocrx_word' id='word_1_721' title='bbox 112 4984 166 5035; x_wconf 74' lang='lat' dir='ltr'><em>sura</em></span> <span class='ocrx_word' id='word_1_722' title='bbox 182 4984 305 5053; x_wconf 77' lang='lat' dir='ltr'><em>leguntur,</em></span> <span class='ocrx_word' id='word_1_723' title='bbox 323 4996 449 5056; x_wconf 87' lang='lat' dir='ltr'><em>quartum</em></span> <span class='ocrx_word' id='word_1_724' title='bbox 470 4986 575 5058; x_wconf 88' lang='lat' dir='ltr'><em>subjicit</em></span> <span class='ocrx_word' id='word_1_725' title='bbox 595 4990 666 5047; x_wconf 86' lang='lat' dir='ltr'><em>bunc</em></span> <span class='ocrx_word' id='word_1_726' title='bbox 686 5008 691 5043; x_wconf 95' lang='lat'><strong>:</strong></span> <span class='ocrx_word' id='word_1_727' title='bbox 710 4992 819 5044; x_wconf 80' lang='grc' dir='ltr'>στέλλειν</span> <span class='ocrx_word' id='word_1_728' title='bbox 840 4995 861 5045; x_wconf 82' lang='grc' dir='ltr'><em>δ’</em></span> <span class='ocrx_word' id='word_1_729' title='bbox 905 4992 1076 5062; x_wconf 80' lang='lat' dir='ltr'><em>teratinnpolis</em></span> <span class='ocrx_word' id='word_1_730' title='bbox 1090 4988 1199 5041; x_wconf 88' lang='lat' dir='ltr'><em>rrrrddee</em></span> <span class='ocrx_word' id='word_1_731' title='bbox 1212 4992 1348 5059; x_wconf 81' lang='lat' dir='ltr'><em>Bosporus,</em></span> <span class='ocrx_word' id='word_1_732' title='bbox 1365 4997 1429 5040; x_wconf 91' lang='lat' dir='ltr'><em>tom.</em></span> <span class='ocrx_word' id='word_1_733' title='bbox 1444 5004 1467 5050; x_wconf 90' lang='lat' dir='ltr'><em>r,</em></span> <span class='ocrx_word' id='word_1_734' title='bbox 1486 5003 1513 5057; x_wconf 86' lang='lat' dir='ltr'><em>p.</em></span> <span class='ocrx_word' id='word_1_735' title='bbox 1525 4986 1617 5053; x_wconf 77' lang='lat'><em>21-37,</em></span> <span class='ocrx_word' id='word_1_736' title='bbox 1633 4984 1677 5035; x_wconf 91' lang='lat' dir='ltr'><em>ubi</em></span> 
     </span>
     <span class='ocr_line' id='line_1_77' title="bbox 114 5060 1378 5135; baseline -0.002 -15"><span class='ocrx_word' id='word_1_737' title='bbox 114 5060 140 5120; x_wconf 61' lang='lat' dir='ltr'><em>tr,</em></span> <span class='ocrx_word' id='word_1_738' title='bbox 149 5064 228 5116; x_wconf 63' lang='lat' dir='ltr'><em>imm</em></span> <span class='ocrx_word' id='word_1_739' title='bbox 235 5065 275 5117; x_wconf 60' lang='grc' dir='ltr'><em>καὶ</em></span> <span class='ocrx_word' id='word_1_740' title='bbox 287 5064 318 5127; x_wconf 72' lang='lat' dir='ltr'><em>tls</em></span> <span class='ocrx_word' id='word_1_741' title='bbox 328 5067 403 5135; x_wconf 75' lang='grc' dir='ltr'>φρένα</span> <span class='ocrx_word' id='word_1_742' title='bbox 414 5067 493 5118; x_wconf 78' lang='grc' dir='ltr'>πάντα</span> <span class='ocrx_word' id='word_1_743' title='bbox 505 5066 622 5118; x_wconf 61' lang='lat' dir='ltr'><em>taetras.</em></span> <span class='ocrx_word' id='word_1_744' title='bbox 635 5070 673 5121; x_wconf 90' lang='lat' dir='ltr'><em>De</em></span> <span class='ocrx_word' id='word_1_745' title='bbox 686 5070 737 5122; x_wconf 87' lang='lat' dir='ltr'><em>alio</em></span> <span class='ocrx_word' id='word_1_746' title='bbox 746 5071 862 5133; x_wconf 84' lang='lat' dir='ltr'><em>oraculo,</em></span> <span class='ocrx_word' id='word_1_747' title='bbox 906 5071 1037 5123; x_wconf 87' lang='lat' dir='ltr'><em>uberrime</em></span> <span class='ocrx_word' id='word_1_748' title='bbox 1050 5067 1083 5120; x_wconf 92' lang='lat' dir='ltr'><em>de</em></span> <span class='ocrx_word' id='word_1_749' title='bbox 1096 5068 1146 5119; x_wconf 88' lang='lat' dir='ltr'><em>boe</em></span> <span class='ocrx_word' id='word_1_750' title='bbox 1159 5068 1217 5118; x_wconf 90' lang='lat' dir='ltr'><em>loco</em></span> <span class='ocrx_word' id='word_1_751' title='bbox 1229 5066 1378 5134; x_wconf 69' lang='lat' dir='ltr'><em>exponitur.</em></span> 
     </span>
    </p>

    <p class='ocr_par' dir='ltr' id='par_1_13' title="bbox 116 5138 1678 5295">
     <span class='ocr_line' id='line_1_78' title="bbox 116 5138 1678 5215; baseline -0.003 -21"><span class='ocrx_word' id='word_1_752' title='bbox 116 5156 159 5205; x_wconf 76' lang='lat' dir='ltr'><em>quo</em></span> <span class='ocrx_word' id='word_1_753' title='bbox 169 5140 243 5194; x_wconf 81' lang='lat' dir='ltr'><em>coloni</em></span> <span class='ocrx_word' id='word_1_754' title='bbox 257 5138 381 5211; x_wconf 80' lang='lat' dir='ltr'><em>jubentur</em></span> <span class='ocrx_word' id='word_1_755' title='bbox 395 5143 485 5195; x_wconf 85' lang='lat' dir='ltr'><em>sedern</em></span> <span class='ocrx_word' id='word_1_756' title='bbox 504 5160 619 5213; x_wconf 67' lang='lat' dir='ltr'><em>quaerere</em></span> <span class='ocrx_word' id='word_1_757' title='bbox 640 5164 768 5198; x_wconf 77' lang='lat' dir='ltr'><em>cetorum</em></span> <span class='ocrx_word' id='word_1_758' title='bbox 789 5149 864 5198; x_wconf 87' lang='lat' dir='ltr'><em>terris</em></span> <span class='ocrx_word' id='word_1_759' title='bbox 941 5166 966 5201; x_wconf 78' lang='grc' dir='ltr'><em>ο,</em></span> <span class='ocrx_word' id='word_1_760' title='bbox 989 5150 1024 5199; x_wconf 80' lang='lat' dir='ltr'><em>l&#39;.</em></span> <span class='ocrx_word' id='word_1_761' title='bbox 1039 5148 1180 5215; x_wconf 86' lang='lat' dir='ltr'><em>Procopius</em></span> <span class='ocrx_word' id='word_1_762' title='bbox 1194 5148 1233 5196; x_wconf 79' lang='lat' dir='ltr'><em>tre</em></span> <span class='ocrx_word' id='word_1_763' title='bbox 1251 5144 1300 5197; x_wconf 77' lang='lat' dir='ltr'><em>ad.</em></span> <span class='ocrx_word' id='word_1_764' title='bbox 1327 5162 1349 5207; x_wconf 90' lang='lat' dir='ltr'><em>r,</em></span> <span class='ocrx_word' id='word_1_765' title='bbox 1367 5148 1397 5206; x_wconf 79' lang='lat' dir='ltr'><em>s»,</em></span> <span class='ocrx_word' id='word_1_766' title='bbox 1418 5140 1566 5211; x_wconf 75' lang='lat' dir='ltr'><em>llucangius</em></span> <span class='ocrx_word' id='word_1_767' title='bbox 1588 5142 1678 5193; x_wconf 75' lang='lat' dir='ltr'><em>t&#39;nrnr.</em></span> 
     </span>
     <span class='ocr_line' id='line_1_79' title="bbox 119 5212 1605 5295; baseline 0.002 -24"><span class='ocrx_word' id='word_1_768' title='bbox 119 5218 237 5287; x_wconf 68' lang='lat' dir='ltr'><em>adimam,</em></span> <span class='ocrx_word' id='word_1_769' title='bbox 252 5224 307 5277; x_wconf 88' lang='lat' dir='ltr'><em>ride</em></span> <span class='ocrx_word' id='word_1_770' title='bbox 319 5226 442 5279; x_wconf 85' lang='lat' dir='ltr'><em>Taciturn</em></span> <span class='ocrx_word' id='word_1_771' title='bbox 457 5226 484 5277; x_wconf 91' lang='lat' dir='ltr'><em>in</em></span> <span class='ocrx_word' id='word_1_772' title='bbox 502 5226 592 5279; x_wconf 76' lang='lat' dir='ltr'><em>Animi.</em></span> <span class='ocrx_word' id='word_1_773' title='bbox 616 5244 659 5290; x_wconf 75' lang='grc' dir='ltr'>νο,</span> <span class='ocrx_word' id='word_1_774' title='bbox 676 5246 705 5295; x_wconf 86' lang='grc'><em>7;</em></span> <span class='ocrx_word' id='word_1_775' title='bbox 721 5228 779 5280; x_wconf 90' lang='lat' dir='ltr'><em>coll.</em></span> <span class='ocrx_word' id='word_1_776' title='bbox 795 5230 863 5281; x_wconf 88' lang='lat' dir='ltr'><em>Stra·</em></span> <span class='ocrx_word' id='word_1_777' title='bbox 907 5228 1003 5282; x_wconf 84' lang='lat' dir='ltr'><em>Clrrist.</em></span> <span class='ocrx_word' id='word_1_778' title='bbox 1020 5226 1066 5277; x_wconf 89' lang='lat' dir='ltr'><em>lib.</em></span> <span class='ocrx_word' id='word_1_779' title='bbox 1082 5230 1106 5287; x_wconf 63' lang='grc' dir='ltr'><em>Ι..</em></span> <span class='ocrx_word' id='word_1_780' title='bbox 1123 5243 1149 5295; x_wconf 87' lang='lat' dir='ltr'><em>p.</em></span> <span class='ocrx_word' id='word_1_781' title='bbox 1167 5229 1223 5277; x_wconf 68' lang='lat' dir='ltr'><em>rttr.</em></span> <span class='ocrx_word' id='word_1_782' title='bbox 1597 5212 1605 5229; x_wconf 63' lang='grc'><strong><em>’</em></strong></span> 
     </span>
    </p>
   </div>
   <div class='ocr_carea' id='block_1_11' title="bbox 0 0 1974 5925">
    <p class='ocr_par' dir='ltr' id='par_1_14' title="bbox 0 0 1974 5925">
     <span class='ocr_line' id='line_1_80' title="bbox 0 0 1974 5925; baseline 0 0"><span class='ocrx_word' id='word_1_783' title='bbox 0 0 1974 5925; x_wconf 95' lang='lat' dir='ltr'><em> </em></span> 
     </span>
    </p>
   </div>
  </div>
 </body>
</html>
