3884 5925
268 465 304 520 30
878 455 1044 514 DlONYSll
1069 458 1245 517 simunt

265 591 316 648 ris,
333 599 361 638 ut
369 592 458 658 [mritis
472 585 652 638 conrnroditetc
661 586 702 637 uti
709 596 795 656 posset
805 584 906 636 schrinde
918 584 955 635 nd
966 602 1035 635 com·
1052 598 1058 634 t
1079 585 1145 637 duas
1156 587 1283 638 valliculas
1292 607 1300 650 ;
1309 588 1343 639 ab
1354 599 1414 640 ortu
1425 590 1484 640 solis
1499 590 1641 642 includitur
1654 590 1735 642 altero
1748 591 1812 643 colle
1823 611 1860 642 cx

263 683 374 724 irretitum
398 682 548 722 terrestron.
571 673 639 720 dnm
658 668 741 720 classe
765 668 898 736 Byzantiis
916 686 970 738 petr
986 686 1035 718 non

259 755 326 825 snit,
346 755 426 807 mrdto
444 761 511 806 nrnri
529 754 727 824 imperantibus.
748 757 832 804 tiu-to
850 753 916 804 drino
931 765 1034 822 'mertem

264 842 317 898 suit
327 841 402 895 Ji'icei
414 840 497 892 herois
509 859 565 900 nro,
578 852 603 890 et
617 841 687 893 locus
698 839 790 893 leniter
800 838 989 905 circrnnslcxns,
1001 838 1038 888 nd

263 927 402 998 capiendos
410 927 497 996 pisces
527 925 759 994 receptaculorum!
773 925 852 988 locus,
871 925 917 995 qni
935 925 1037 978 dicitur

242 1010 249 1023 '
264 1003 329 1068 Ns'oc
343 1005 428 1078 βόλος,
441 1010 514 1062 idest
524 1011 710 1078 notutsjuctus.

227 1090 234 1108 '
297 1099 369 1148 Inter
388 1096 597 1165 promontorium
608 1135 615 1156 ,
627 1112 680 1163 quo
697 1095 768 1144 sinus
786 1094 858 1163 prius
877 1111 987 1162 pergens
1002 1079 1035 1145 id

262 1199 381 1233 oceasum
403 1181 516 1232 flectitur
535 1178 568 1230 ad
582 1180 783 1250 septentriones,
806 1180 924 1247 intemplo
950 1181 1036 1230 vicum

263 1266 425 1318 Ailmsarium
444 1283 522 1334 supra
536 1281 630 1333 nquam
647 1263 752 1333 paulum
767 1263 892 1313 erstantia
913 1261 1034 1314 videntur

263 1362 348 1404 astate
359 1351 469 1420 pilarum
484 1341 667 1410 fundamenta,
678 1365 737 1416 quar
747 1365 779 1398 an
792 1347 961 1399 sustinuerint
974 1365 1037 1416 pon·

263 1448 314 1490 tem
328 1436 452 1506 Philippi,
470 1453 502 1487 an
516 1435 624 1486 aliorum
634 1472 641 1497 ,
650 1431 768 1502 judicare
782 1450 835 1484 non
849 1450 964 1502 possum.
981 1436 1037 1485 Hoe

262 1542 344 1576 unum
356 1522 482 1576 duntaxat
491 1539 597 1592 possum
611 1539 642 1571 ex
655 1521 772 1589 Dionysii
786 1519 869 1570 verbis
879 1519 980 1579 elicere,
997 1520 1035 1571 rel

263 1610 289 1660 in
311 1608 412 1660 illarum
427 1607 484 1658 loco
500 1605 539 1657 vel
553 1607 578 1656 iu
596 1605 744 1674 propinquo
758 1603 835 1654 luisse
857 1614 962 1672 pontem
977 1605 1036 1656 Plri-

263 1695 334 1764 lippi.
350 1698 417 1746 Ante
430 1703 557 1744 trecentos
573 1709 654 1743 anites
672 1689 748 1742 luisse
766 1700 870 1760 pontem
885 1690 922 1741 rel
934 1691 958 1740 in
971 1709 1036 1761 prce

263 1779 334 1830 dicto
348 1778 386 1829 vel
402 1779 550 1848 propinquo
563 1775 643 1844 liquet
656 1793 671 1826 c
686 1777 777 1826 Tectae
793 1775 858 1844 (Ch.
873 1791 896 1836 1,
909 1775 993 1844 835),
1008 1785 1037 1828 ut

263 1862 323 1914 alibi
344 1861 462 1924 ‹licetur;
477 1870 536 1912 arne
556 1859 624 1911 mille
641 1871 727 1912 autem
741 1876 822 1910 annos
837 1859 915 1910 luisse
928 1870 1034 1928 pontem

187 1925 193 1940 ¹
264 1949 411 2012 sublicium,
428 1947 592 1999 ostendemus
604 1946 631 1996 in
649 1946 755 2014 antiqua
767 1939 940 2014 descriptione
955 1945 1036 2012 regio-

265 2053 327 2087 num
341 2033 698 2102 constantinopolitanorum¹
712 2049 717 2082 :
729 2032 773 2100 qui
783 2049 872 2082 omnes
887 2030 958 2081 bellis
974 2031 1036 2081 sub-

263 2122 358 2174 secutis
381 2121 463 2172 erersi
484 2129 554 2171 suut.
577 2119 733 2170 llleebmetes
752 2137 812 2182 rex,
835 2118 880 2186 qui
909 2118 1036 2170 Constan-

263 2207 399 2276 tinopolim
414 2206 497 2275 cepit,
521 2214 551 2255 ut
573 2203 664 2255 urbem
681 2204 793 2254 strictitus
806 2199 950 2265 obsideret,
972 2219 1037 2271 pon·

264 2305 315 2346 tem
333 2293 444 2346 ellecita
461 2292 596 2343 contrariae
616 2290 772 2341 continentis
789 2291 893 2357 regione
913 2290 1037 2359 appellata

264 2375 316 2429 τῶν
330 2369 520 2449 Κρομαρείιιιν’
541 2376 575 2429 ad
594 2377 686 2428 urbem
711 2375 833 2428 serentem
852 2377 928 2428 doliis
947 2377 1037 2444 ligneis

264 2461 331 2512 inter
342 2477 369 2510 se
381 2469 440 2528 apte
457 2456 578 2524 colligatis
596 2466 623 2507 et
636 2455 760 2516 firmiter,
776 2465 806 2506 ut
817 2455 933 2524 trajicere
950 2465 1037 2524 posset

264 2545 357 2596 milites
377 2543 410 2596 ab
423 2545 538 2594 exercitu
549 2541 683 2592 obsidente
699 2542 775 2610 Speas
793 2540 824 2592 ad
841 2541 993 2609 tabemque,
1008 2551 1037 2593 ut

263 2649 319 2682 cam
334 2629 451 2699 undique
468 2627 607 2679 obsideret.
638 2630 695 2679 Jom
716 2644 777 2678 reru
795 2627 820 2676 iu
844 2626 944 2686 littore,
964 2626 1036 2696 quod

264 2713 343 2766 inodo
365 2714 487 2784 descripsi
510 2713 599 2764 aloco
618 2710 744 2781 appellato
764 2710 880 2762 Mandris
901 2728 983 2780 usque
1003 2711 1036 2763 ad

201 2839 203 2844 ·
263 2818 332 2852 aram
343 2800 414 2850 Nicci
427 2797 523 2864 herois,
533 2797 676 2866 percipitur
689 2814 719 2846 cx
733 2796 861 2864 Procopio
874 2795 945 2864 (ll.)
959 2794 1037 2848 luisse

264 2884 386 2953 templum
400 2881 524 2951 ilutbpmi
543 2881 677 2949 martyris,
691 2896 750 2930 cum
762 2881 797 2930 ait
811 2880 987 2931 lastinianum
1010 2880 1036 2932 in

263 2972 329 3023 cliro
343 2970 426 3022 arduo
435 2968 468 3020 ad
486 2969 563 3019 lenem
576 2969 647 3018 sinus
661 2966 798 3017 aedilicasse
816 2965 896 3017 ecdem
914 2966 1036 3019 dirorum

263 3058 363 3109 cosme
372 3066 398 3107 et
411 3056 529 3107 Damiani
538 3055 582 3117 ,in
592 3053 723 3121 alteraque
735 3054 807 3104 sinus
818 3063 889 3121 parte
901 3054 1035 3123 templum,

263 3142 308 3194 ubi
325 3142 424 3193 nullum
446 3142 518 3210 prius
536 3139 637 3206 suerat,
658 3138 756 3190 dicasse
778 3138 909 3207 ilntbymo
930 3142 1036 3209 martyri

174 3236 180 3245 '
263 3224 407 3278 secundum
420 3227 490 3277 sinus
503 3243 574 3277 uram
585 3264 592 3288 ,
605 3224 649 3276 ubi
664 3225 740 3275 maris
753 3223 838 3295 llurus
851 3222 937 3292 templi
953 3225 1036 3293 crepi-

264 3312 338 3363 dines
355 3311 426 3363 alluit
440 3310 493 3380 jam
512 3311 652 3377 mitigatus.
675 3310 734 3359 Non
759 3308 828 3359 enim
853 3326 913 3358 cum
933 3306 1037 3362 fremitu

263 3400 452 3451 murmurantis
465 3399 542 3450 maris
554 3396 587 3449 ad
607 3396 673 3448 illius
691 3414 752 3447 saxa
766 3393 902 3463 frangitur,
916 3394 971 3447 'scd
981 3395 1035 3465 jam

265 3484 349 3536 mollis
366 3494 392 3535 et
413 3484 476 3534 lenis
495 3484 636 3549 tacitusque
650 3481 748 3533 accedit
761 3480 793 3531 nd
811 3478 836 3531 id
856 3479 993 3549 tempium,
1010 3483 1035 3532 in

264 3586 383 3637 nragnnm
398 3566 565 3620 'altitudinem
584 3565 697 3627 editum,
714 3564 828 3634 lapidum
848 3564 942 3617 decore
961 3583 1036 3616 auro-

263 3672 315 3723 que
328 3664 458 3705 ornatum.
470 3654 546 3703 Nunc
555 3651 624 3703 nulla
635 3661 736 3703 exstant
747 3650 812 3701 illius
823 3651 937 3717 vestigia,
953 3668 1036 3719 neque

263 3742 401 3810 quisquam
416 3740 552 3809 reperitur,
567 3740 610 3808 qrti
623 3740 648 3789 in
663 3754 716 3807 quo
726 3737 783 3789 loco
797 3736 823 3787 id
837 3734 913 3786 luerit
927 3754 941 3786 a
956 3736 1036 3804 sunjo-

263 3826 335 3877 ribus
346 3824 457 3877 artilierit
469 3833 514 3875 aut
533 3823 637 3891 legerit;
651 3823 714 3891 quin
731 3822 816 3890 potius
828 3837 918 3871 omncs
930 3838 1037 3889 prorsus

262 3912 381 3979 ignorant
388 3910 468 3961 ullum
477 3910 601 3979 templum
608 3910 633 3960 in
644 3908 784 3959 hoclittore
791 3906 877 3959 luisse.
886 3914 906 3959 Α
914 3926 1037 3977 promon-

264 4001 340 4059 torio,
349 4015 401 4066 quo
410 3996 464 4048 dixi
473 3998 558 4048 sinum
567 3996 694 4048 incurvari
705 3994 737 4045 ad
748 3995 1037 4064 septentriones,incipit

263 4084 344 4135 llexus
361 4082 453 4151 longus
473 4094 498 4135 ct
517 4082 628 4133 molliter
647 4092 778 4143 curvatus,
801 4080 890 4132 linitur
912 4098 1037 4132 mucrone

263 4172 338 4223 vircti
354 4172 415 4238 regii
434 4169 467 4221 ab
481 4168 596 4221 Abramo
615 4170 691 4219 Bassa
710 4166 812 4219 consiti.
829 4166 942 4235 Hujusce
956 4168 1036 4218 ilexus

262 4274 307 4307 ora
318 4255 433 4307 mdiliciis
442 4254 517 4324 plena
525 4264 562 4305 cst
572 4264 597 4304 ct
609 4252 702 4321 figlinis
710 4252 892 4304 laterculorum
905 4251 1034 4303 coctilium

262 4353 287 4394 et
299 4342 457 4403 crudorum,
468 4358 528 4392 cum
541 4341 566 4391 iu
579 4340 672 4391 multas
686 4340 814 4391 insinuata
828 4337 964 4400 valliculas,
980 4349 1035 4389 tum

263 4430 375 4499 penitius
390 4430 417 4480 in
434 4428 523 4480 vallem
539 4427 605 4479 divae
618 4428 765 4478 Parasceuoe
776 4412 877 4493 longam
889 4424 943 4476 duo
955 4425 1036 4476 milia-

264 4514 316 4574 ria,
338 4511 412 4580 eujus
430 4513 483 4563 ima
506 4512 622 4582 planities
640 4512 769 4579 attingens
788 4512 859 4562 sinus
877 4528 975 4579 oram,
986 4508 1036 4561 lata

263 4598 465 4667 tlttadringentos
477 4616 582 4668 passus,
593 4596 688 4650 deinde
703 4600 789 4649 statim
799 4598 933 4665 stringitur
950 4598 976 4647 iu
988 4594 1036 4647 du·

263 4672 368 4745 centos,
381 4684 529 4751 sensimque
540 4694 672 4751 augustata
688 4682 812 4734 attollitur
822 4683 847 4733 in
857 4682 944 4735 clivos.
959 4680 1035 4732 Clau·

263 4768 336 4821 ditur
345 4767 448 4819 duobus
457 4766 578 4831 collibus,
589 4786 644 4819 uno
656 4766 823 4827 exaedificato,
835 4766 868 4819 ab
882 4783 975 4818 occasu
985 4776 1035 4818 tres

263 4853 378 4907 tumulos
389 4856 536 4916 emittente,
550 4856 594 4923 qui
612 4856 640 4905 in
658 4856 743 4905 sinum
759 4856 899 4905 eminentes
917 4839 1035 4905 efficiunt

189 5066 195 5081 ,
301 5026 325 5061 1.
338 5008 452 5077 Topogr.
469 5009 559 5059 Const.
576 5008 619 5059 lib.
631 5012 658 5071 Δ,
680 5027 704 5061 c.
716 5013 731 5058 6
745 5026 771 5077 p.
788 5012 848 5060 206.
863 5009 873 5076 ll
889 5038 925 5047 —
939 5024 964 5059 a.
980 5008 1034 5059 Τῶν

197 5139 202 5148 ,
264 5088 437 5159 llpopapsiur]
453 5104 485 5138 an
502 5092 550 5137 τῶν
561 5087 682 5156 κεραμέων
694 5104 739 5137 seu
752 5086 903 5155 κεραμείων.ρ
975 5134 982 5141 .

296 5170 342 5219 Fr.
367 5182 409 5219 ar.
432 5165 507 5217 Nicci
527 5164 626 5233 berou]
651 5163 801 5233 Legendum
819 5166 936 5236 suspicor
957 5165 1033 5227 Nisi,

262 5246 389 5297 notissimi
404 5245 489 5297 herois
502 5244 623 5312 Megarici

1079 670 1163 722 tribus
1186 672 1308 723 lateribus
1325 673 1403 743 pleno
1420 673 1603 739 edificiorum,
1625 676 1760 745 usquead
1779 695 1861 728 oram

1079 757 1171 818 tnaris,
1182 756 1309 809 utmediae
1321 758 1488 810 edificiorum
1498 771 1583 830 panes
1594 761 1701 812 sublicis
1711 763 1863 813 sustinean-

1079 851 1124 893 tur
1134 844 1160 893 in
1176 844 1249 896 sinus
1258 843 1353 896 sadum
1365 844 1465 899 defixis.
1478 830 1512 897 ¹ln
1525 863 1629 898 summa
1646 847 1711 898 valle
1725 848 1786 899 olim
1807 848 1861 899 suit

1080 928 1205 996 templum
1229 929 1433 981 Pantclcemonis
1450 929 1526 999 juxta
1545 931 1631 982 lentes
1649 933 1698 982 riri
1715 935 1859 1002 perennis,

1080 1011 1141 1064 olim
1153 1015 1180 1064 in
1197 1015 1283 1066 sinum
1299 1016 1429 1067 induentis
1446 1032 1452 1067 :
1474 1027 1546 1068 nune
1560 1019 1653 1087 [tactim
1674 1016 1807 1070 derivatus
1818 1029 1862 1069 est

1079 1115 1158 1167 opere
1172 1099 1340 1152 subterraneo
1353 1102 1379 1151 in
1389 1103 1566 1171 propinquum
1580 1104 1647 1170 regis
1661 1103 1781 1166 viretum,
1794 1121 1862 1173 par·

1081 1183 1126 1234 tim
1146 1183 1174 1234 in
1188 1183 1308 1236 balneum
1331 1195 1358 1236 et
1374 1186 1464 1238 bortos
1476 1187 1525 1238 sub
1538 1187 1778 1256 vallem-subjectos
1792 1207 1860 1239 cirn-

1079 1269 1200 1331 sumitur,
1221 1287 1254 1320 ne
1269 1272 1328 1339 quis
1341 1271 1458 1331 iniretur,
1481 1273 1502 1322 si
1526 1271 1597 1322 illum
1616 1270 1670 1339 jam
1694 1289 1747 1323 nnn
1770 1273 1861 1324 videat

1080 1370 1158 1422 supra
1171 1364 1267 1406 terram
1279 1355 1372 1418 liuere,
1392 1342 1495 1425 ‹pualcm
1507 1358 1647 1426 Dionysius
1663 1358 1796 1423 informat,
1810 1359 1861 1410 de·

1080 1438 1194 1490 scrilieus
1211 1440 1266 1492 hoe
1277 1440 1342 1493 loca.
1855 1423 1860 1432 ⁶

1406 1555 1453 1612 Fr.
1476 1563 1524 1614 22.

1117 1670 1203 1735 Circo,
1228 1675 1328 1742 inquit,
1347 1675 1428 1726 locum
1447 1693 1474 1726 rc
1486 1687 1511 1726 et
1530 1676 1631 1727 neurim
1649 1677 1776 1737 Actisun,
1793 1691 1861 1730 sunt

1082 1759 1145 1810 Credi
1159 1760 1255 1831 Canopi
1265 1772 1290 1812 et
1296 1761 1387 1828 sontes
1399 1781 1409 1812 .·
1427 1760 1503 1812 tulrlc
1515 1762 1582 1812 enirn
1597 1763 1666 1814 locres
1679 1763 1796 1828 irrigato
1806 1777 1859 1816 est.

1082 1845 1145 1897 Cubi
1158 1858 1243 1897 nutem
1256 1858 1319 1898 sunt
1331 1847 1445 1913 insignio
1461 1846 1571 1899 Persice
1581 1847 1698 1900 historice
1708 1871 1718 1901 ,·
1728 1850 1778 1900 leuc
1788 1851 1859 1901 eninr

1080 1932 1196 1984 normulli
1215 1932 1399 1984 descendebant
1418 1933 1455 1985 nd
1471 1933 1617 1986 animorum
1637 1935 1810 1987 remissionem
1833 1948 1860 1988 et

1080 2018 1169 2079 ludos,
1183 2030 1212 2070 ut
1220 2019 1368 2072 ornunitutc
1382 2019 1480 2072 littoris
1489 2020 1692 2089 perfecissemus.
1704 2022 1803 2092 Canopi
1813 2041 1861 2073 no·

1080 2121 1135 2154 nun
1150 2103 1245 2155 incutit
1258 2122 1275 2154 o
1288 2104 1463 2156 similitudine
1475 2103 1645 2167 deliciarum,
1657 2124 1714 2176 qrtoe
1727 2107 1789 2158 Ιιιιὶε
1802 2107 1861 2158 loco

1079 2198 1118 2238 est
1143 2205 1200 2239 cum
1220 2187 1344 2259 AEgiptio
1369 2193 1477 2258 Oenope.
1496 2189 1570 2240 Cison
1583 2191 1684 2258 fleti-ins
1704 2191 1859 2242 iuncorum

1079 2290 1167 2323 secans
1182 2273 1254 2324 sinui
1275 2292 1363 2324 noticen
1376 2273 1456 2328 dedit.
1480 2273 1554 2324 Fluit
1563 2274 1700 2344 perennis,
1720 2274 1768 2326 scd
1785 2275 1862 2326 hored

1080 2357 1240 2420 rtnuigndilis
1253 2369 1300 2409 est.

1115 2443 1176 2492 llice
1193 2441 1299 2510 quidem
1315 2442 1470 2511 Dionysius,
1488 2461 1566 2512 quem
1582 2443 1664 2494 miror
1676 2462 1708 2495 ex
1730 2462 1763 2496 eo
1783 2446 1858 2514 qucsd

1081 2525 1231 2578 lluriunrait
1238 2545 1290 2577 non
1297 2545 1352 2578 esse
1360 2527 1659 2596 navigabilem,cumjarn
1668 2539 1719 2580 tam
1729 2530 1802 2580 esilis
1811 2533 1857 2593 sit,

1081 2625 1110 2668 ut
1119 2615 1152 2668 ad
1163 2615 1307 2683 irrigandos
1318 2615 1409 2668 hortos
1421 2626 1489 2669 totus
1497 2627 1675 2668 consumatur.
1685 2621 1776 2687 Itaque
1784 2619 1858 2670 arbi-

1081 2712 1135 2753 tror
1147 2703 1243 2771 partita
1260 2713 1335 2754 terme
1352 2702 1482 2766 motibus,
1494 2701 1589 2772 quibus
1601 2701 1713 2754 obnoxia
1725 2714 1764 2754 est
1780 2705 1857 2772 regio

1080 2788 1382 2858 Constantinopolitano,
1402 2790 1496 2858 partim
1509 2788 1681 2841 subterraneis
1699 2789 1856 2842 subductio-

1081 2874 1201 2950 uibus'in
1222 2876 1321 2943 regium
1341 2875 1447 2927 hortum
1458 2885 1620 2927 attenuatum
1633 2893 1697 2926 esse.
1729 2877 1808 2927 Nunc
1829 2879 1859 2928 in

1080 2962 1201 3015 hocloco
1215 2964 1286 3014 vicus
1298 2975 1338 3016 est
1349 2962 1456 3033 longus,
1471 2965 1547 3033 aquis
1559 2961 1702 3026 abundans,
1718 2980 1772 3033 quo
1787 2966 1859 3016 Con·

1079 3048 1302 3117 stantiuopolitani
1321 3047 1466 3119 frequentes
1484 3046 1603 3099 secedere
1617 3047 1713 3111 solent,
1733 3058 1763 3099 ut
1776 3050 1858 3101 maris

1079 3143 1105 3184 et
1118 3142 1192 3184 terrae
1207 3131 1305 3184 deliciis
1321 3133 1449 3185 fruantur.
1464 3136 1542 3185 Recte
1562 3132 1703 3201 appellatur
1724 3132 1767 3183 bic
1784 3133 1858 3185 locus

1080 3227 1170 3279 Cubus
1177 3228 1346 3296 Canopi,sive
1353 3229 1414 3296 quia
1420 3226 1599 3295 AEgyptiorum
1607 3225 1679 3277 Plato
1686 3215 1733 3287 τὴν
1747 3218 1857 3275 κυίείιιν

1080 3313 1215 3363 inventum
1228 3328 1284 3363 esse
1304 3310 1384 3376 dicit,
1398 3322 1425 3363 et
1443 3313 1565 3379 Canopus
1585 3310 1709 3361 mollioris
1722 3312 1857 3363 remissio-

1080 3398 1121 3448 nis
1140 3396 1266 3466 AEgyptiis
1287 3394 1364 3447 ludus
1383 3406 1452 3459 erut,
1474 3396 1528 3450 sire
1549 3395 1611 3463 quia
1631 3395 1744 3464 bysantii
1766 3396 1857 3447 coloni

1080 3481 1158 3534 strici
1179 3498 1265 3532 rnores
1283 3480 1456 3549 sequebantur
1477 3480 1640 3542 Atticorum,
1660 3480 1729 3531 unde
1747 3480 1857 3531 oriundi

1079 3581 1162 3622 crant.
1178 3571 1257 3622 Attici
1270 3571 1341 3621 enirn
1352 3572 1465 3621 maximo
1479 3568 1568 3620 studio
1579 3560 1624 3627 τὴν
1636 3558 1742 3616 nudatio
1756 3568 1857 3638 ample-

1079 3656 1226 3717 ctebantur,
1242 3665 1271 3706 ut
1284 3656 1361 3705 etiarn
1375 3655 1401 3705 in
1417 3654 1485 3706 ades
1497 3672 1582 3705 sacras
1600 3655 1746 3721 congregati
1760 3654 1858 3706 taxillis

1079 3744 1223 3794 lusitarent.
1235 3743 1313 3793 Hunc
1326 3740 1471 3810 locumjam
1484 3740 1703 3810 Graciappellant
1714 3743 1798 3809 :lgian
1809 3745 1856 3794 Pa-

1079 3845 1213 3889 rasceuen,
1227 3843 1305 3895 quem
1321 3828 1475 3896 imperatore
1487 3827 1635 3879 iustiniauo
1651 3825 1703 3876 divi
1719 3828 1856 3878 laurentii

1079 3914 1235 3984 appellatum
1257 3913 1335 3964 fuisse
1362 3914 1481 3967 existimo
1503 3912 1536 3965 ab
1557 3911 1612 3964 ade
1636 3912 1690 3963 diri
1718 3915 1856 3967 laurentii

1081 4001 1108 4051 iu
1120 4000 1172 4051 boc
1192 3998 1345 4051 suburbano
1357 4000 1506 4061 constituta,
1521 4016 1599 4068 quam
1616 4001 1759 4069 Procopius
1777 4012 1856 4053 antea

1079 4085 1220 4159 ignobilem
1245 4096 1271 4136 et
1293 4084 1431 4136 obscuram
1452 4085 1531 4138 tradit
1549 4086 1723 4138 iustinianum
1739 4086 1855 4140 nobilem

1079 4182 1105 4223 et
1116 4172 1264 4241 praelatam
1274 4170 1428 4231 reddidisse,
1442 4173 1467 4222 in
1477 4172 1580 4223 sinistra
1590 4174 1662 4223 sinus
1670 4183 1742 4241 parte
1749 4173 1827 4225 sitam
1840 4192 1855 4225 e

1079 4260 1184 4327 regione
1192 4258 1259 4311 dirae
1267 4260 1356 4311 Maria
1364 4260 1392 4310 in
1402 4259 1557 4311 Blucbernis.
1569 4260 1645 4311 Nunc
1656 4269 1747 4311 neutra
1753 4272 1837 4313 exstat
1847 4281 1854 4324 ;

1080 4342 1197 4395 funditus
1209 4344 1279 4395 enim
1292 4354 1402 4412 utraque
1412 4361 1499 4395 eversa
1511 4355 1564 4405 est,
1576 4344 1690 4412 exceptis
1702 4343 1857 4397 fundamen

1079 4439 1165 4480 torum
1189 4429 1299 4480 exilibus
1319 4430 1439 4497 vestigiis.
1467 4427 1609 4499 Proiopius
1623 4430 1734 4483 obscure
1751 4429 1856 4482 tamus

1080 4514 1161 4565 videri
1175 4525 1269 4583 potest,
1284 4532 1345 4566 cum
1354 4516 1390 4566 ait
1401 4517 1601 4567 laurentianum
1615 4514 1697 4567 adem
1709 4517 1736 4567 in
1750 4517 1854 4569 sinistra

1079 4598 1151 4648 sinus
1160 4607 1232 4665 parte
1242 4599 1317 4649 sitam
1329 4596 1407 4649 fuisse
1416 4637 1423 4659 ‚
1431 4615 1516 4667 neque
1524 4598 1607 4660 addit,
1616 4616 1728 4667 quorum
1743 4600 1852 4659 ratione,

1080 4682 1314 4750 ingredientiumue
1326 4684 1352 4734 iu
1362 4684 1459 4745 sinum,
1467 4682 1711 4750 auegredieutium3
1725 4701 1776 4751 ego
1785 4683 1854 4735 illam

1079 4766 1202 4836 appellavi
1222 4766 1357 4830 dextram,
1381 4767 1478 4819 babens
1497 4769 1624 4819 tationem
1652 4767 1853 4836 ingredientium

1079 4863 1105 4905 et
1114 4853 1237 4905 naturalis
1248 4854 1321 4905 sinus
1334 4854 1471 4923 principii,
1487 4852 1559 4922 quod
1572 4854 1686 4905 nascitur
1696 4872 1712 4905 a
1725 4856 1852 4923 Bosporo,

1116 5010 1158 5060 Fr.
1174 5025 1218 5060 aa.
1235 5012 1270 5061 lie
1281 5020 1305 5063 ct
1318 5009 1418 5060 nomine
1430 5008 1556 5078 Actiaca]
1570 5008 1683 5060 Actinen
1696 5009 1761 5077 quid
1775 5011 1852 5077 signi·

1080 5086 1156 5138 ficare
1177 5088 1272 5156 possit,
1289 5085 1353 5139 nibil
1371 5086 1461 5149 ride03
1493 5104 1525 5138 an
1542 5085 1671 5149 octincm,
1696 5085 1800 5149 ἀκτῖνα,
1815 5086 1852 5137 di·

1079 5183 1137 5215 cere
1151 5176 1242 5216 auctor
1255 5163 1352 5215 voluit?
1363 5163 1412 5215 Sed
1424 5166 1475 5215 boc
1486 5180 1591 5232 quoque
1605 5164 1702 5215 mirum
1718 5163 1796 5216 iuret.
1808 5165 1852 5215 Lc-

1079 5242 1191 5310 gendum
1204 5252 1267 5313 puto
1282 5244 1400 5306 dcticen,
1419 5241 1543 5305 ‘daritim
1560 5240 1631 5309 quod
1650 5258 1764 5305 nomen,
1779 5242 1852 5292 sicuti
