<?xml version="1.0" encoding="UTF-8"?>
<!DOCTYPE html PUBLIC "-//W3C//DTD XHTML 1.0 Transitional//EN"
    "http://www.w3.org/TR/xhtml1/DTD/xhtml1-transitional.dtd">
<html xmlns="http://www.w3.org/1999/xhtml" xml:lang="en" lang="en">
 <head>
  <title>
</title>
<meta http-equiv="Content-Type" content="text/html;charset=utf-8" />
  <meta name='ocr-system' content='tesseract 3.04.00' />
  <meta name='ocr-capabilities' content='ocr_page ocr_carea ocr_par ocr_line ocrx_word'/>
</head>
<body>
  <div class='ocr_page' id='page_1' title='image "./geographigraeci04mlgoog_0143.png"; bbox 0 0 3884 5925; ppageno 0'>
   <div class='ocr_carea' id='block_1_1' title="bbox 571 447 1692 532">
    <p class='ocr_par' dir='ltr' id='par_1_1' title="bbox 571 447 1692 532">
     <span class='ocr_line' id='line_1_1' title="bbox 571 447 1692 532; baseline -0.011 -16"><span class='ocrx_word' id='word_1_1' title='bbox 571 527 575 532; x_wconf 51' lang='grc'><strong>,</strong></span> <span class='ocrx_word' id='word_1_2' title='bbox 622 454 798 515; x_wconf 70' lang='lat' dir='ltr'>auersus</span> <span class='ocrx_word' id='word_1_3' title='bbox 820 451 980 514; x_wconf 84' lang='lat' dir='ltr'>nosront</span> <span class='ocrx_word' id='word_1_4' title='bbox 1000 447 1172 522; x_wconf 75' lang='lat' dir='ltr'>sussen.</span> <span class='ocrx_word' id='word_1_5' title='bbox 1656 469 1692 520; x_wconf 74' lang='lat' dir='ltr'>m</span> 
     </span>
    </p>
   </div>
   <div class='ocr_carea' id='block_1_2' title="bbox 95 579 1702 1930">
    <p class='ocr_par' dir='ltr' id='par_1_2' title="bbox 98 579 1702 1766">
     <span class='ocr_line' id='line_1_2' title="bbox 99 579 1700 654; baseline -0.001 -18"><span class='ocrx_word' id='word_1_6' title='bbox 99 593 202 646; x_wconf 73' lang='lat' dir='ltr'>onum,</span> <span class='ocrx_word' id='word_1_7' title='bbox 218 581 358 654; x_wconf 81' lang='lat' dir='ltr'>impeditur</span> <span class='ocrx_word' id='word_1_8' title='bbox 368 584 551 653; x_wconf 86' lang='lat' dir='ltr'>promontorio</span> <span class='ocrx_word' id='word_1_9' title='bbox 563 583 702 654; x_wconf 70' lang='lat' dir='ltr'>Absyrto,</span> <span class='ocrx_word' id='word_1_10' title='bbox 717 601 773 654; x_wconf 90' lang='lat' dir='ltr'>qun</span> <span class='ocrx_word' id='word_1_11' title='bbox 790 584 877 636; x_wconf 84' lang='lat' dir='ltr'>minus</span> <span class='ocrx_word' id='word_1_12' title='bbox 896 585 900 606; x_wconf 89' lang='lat'><em>¹</em></span> <span class='ocrx_word' id='word_1_13' title='bbox 919 582 1118 653; x_wconf 86' lang='lat' dir='ltr'>promontorio,</span> <span class='ocrx_word' id='word_1_14' title='bbox 1139 581 1218 634; x_wconf 83' lang='lat' dir='ltr'>etiam</span> <span class='ocrx_word' id='word_1_15' title='bbox 1240 597 1312 634; x_wconf 87' lang='lat' dir='ltr'>nunc</span> <span class='ocrx_word' id='word_1_16' title='bbox 1332 579 1460 652; x_wconf 80' lang='lat' dir='ltr'>appellsto</span> <span class='ocrx_word' id='word_1_17' title='bbox 1482 579 1627 640; x_wconf 68' lang='lat' dir='ltr'>emmim,</span> <span class='ocrx_word' id='word_1_18' title='bbox 1642 591 1700 634; x_wconf 91' lang='lat' dir='ltr'>toto</span> 
     </span>
     <span class='ocr_line' id='line_1_3' title="bbox 99 665 1700 742; baseline 0.001 -23"><span class='ocrx_word' id='word_1_19' title='bbox 99 669 132 719; x_wconf 88' lang='lat' dir='ltr'>ab</span> <span class='ocrx_word' id='word_1_20' title='bbox 154 668 194 720; x_wconf 85' lang='lat' dir='ltr'>bis</span> <span class='ocrx_word' id='word_1_21' title='bbox 217 667 329 738; x_wconf 82' lang='lat' dir='ltr'>seopulis</span> <span class='ocrx_word' id='word_1_22' title='bbox 349 668 429 721; x_wconf 90' lang='lat' dir='ltr'>latum</span> <span class='ocrx_word' id='word_1_23' title='bbox 455 670 672 742; x_wconf 21' lang='lat' dir='ltr'>utrinquenmare</span> <span class='ocrx_word' id='word_1_24' title='bbox 691 668 874 739; x_wconf 87' lang='lat' dir='ltr'>prospiciatur.</span> <span class='ocrx_word' id='word_1_25' title='bbox 919 685 1014 732; x_wconf 76' lang='lat' dir='ltr'>saxeo,</span> <span class='ocrx_word' id='word_1_26' title='bbox 1035 685 1069 720; x_wconf 82' lang='lat' dir='ltr'>ex</span> <span class='ocrx_word' id='word_1_27' title='bbox 1081 686 1130 731; x_wconf 90' lang='lat' dir='ltr'>eo,</span> <span class='ocrx_word' id='word_1_28' title='bbox 1148 678 1180 720; x_wconf 93' lang='lat' dir='ltr'>ut</span> <span class='ocrx_word' id='word_1_29' title='bbox 1196 666 1289 720; x_wconf 85' lang='lat' dir='ltr'>dicunt</span> <span class='ocrx_word' id='word_1_30' title='bbox 1312 667 1398 721; x_wconf 84' lang='lat' dir='ltr'>Graeei</span> <span class='ocrx_word' id='word_1_31' title='bbox 1416 665 1495 737; x_wconf 79' lang='lat' dir='ltr'>bajus</span> <span class='ocrx_word' id='word_1_32' title='bbox 1512 667 1609 732; x_wconf 71' lang='lat' dir='ltr'>etatis,</span> <span class='ocrx_word' id='word_1_33' title='bbox 1627 667 1700 737; x_wconf 91' lang='lat' dir='ltr'>quod</span> 
     </span>
     <span class='ocr_line' id='line_1_4' title="bbox 99 751 1701 825; baseline -0.001 -18"><span class='ocrx_word' id='word_1_34' title='bbox 99 753 174 807; x_wconf 76' lang='lat' dir='ltr'>Adde</span> <span class='ocrx_word' id='word_1_35' title='bbox 185 753 259 824; x_wconf 91' lang='lat' dir='ltr'>quod</span> <span class='ocrx_word' id='word_1_36' title='bbox 270 755 337 808; x_wconf 84' lang='lat' dir='ltr'>ratio</span> <span class='ocrx_word' id='word_1_37' title='bbox 347 755 508 824; x_wconf 79' lang='lat' dir='ltr'>Cyanearum</span> <span class='ocrx_word' id='word_1_38' title='bbox 518 793 526 818; x_wconf 95' lang='lat'>,</span> <span class='ocrx_word' id='word_1_39' title='bbox 538 771 617 824; x_wconf 86' lang='lat' dir='ltr'>quem</span> <span class='ocrx_word' id='word_1_40' title='bbox 630 753 754 807; x_wconf 70' lang='lat' dir='ltr'>describit</span> <span class='ocrx_word' id='word_1_41' title='bbox 771 752 876 825; x_wconf 77' lang='lat' dir='ltr'>Apollo·</span> <span class='ocrx_word' id='word_1_42' title='bbox 919 753 992 804; x_wconf 77' lang='lat' dir='ltr'>corvi</span> <span class='ocrx_word' id='word_1_43' title='bbox 1013 753 1041 804; x_wconf 94' lang='lat' dir='ltr'>in</span> <span class='ocrx_word' id='word_1_44' title='bbox 1064 753 1121 822; x_wconf 87' lang='lat' dir='ltr'>ipso</span> <span class='ocrx_word' id='word_1_45' title='bbox 1136 751 1271 804; x_wconf 74' lang='lat' dir='ltr'>nidilioere</span> <span class='ocrx_word' id='word_1_46' title='bbox 1288 752 1383 806; x_wconf 93' lang='lat' dir='ltr'>solent.</span> <span class='ocrx_word' id='word_1_47' title='bbox 1419 753 1537 805; x_wconf 89' lang='lat' dir='ltr'>Positum</span> <span class='ocrx_word' id='word_1_48' title='bbox 1556 761 1596 804; x_wconf 84' lang='lat' dir='ltr'>est</span> <span class='ocrx_word' id='word_1_49' title='bbox 1608 762 1701 806; x_wconf 66' lang='lat' dir='ltr'>nnuma</span> 
     </span>
     <span class='ocr_line' id='line_1_5' title="bbox 100 837 1701 910; baseline 0.001 -19"><span class='ocrx_word' id='word_1_50' title='bbox 100 841 156 892; x_wconf 74' lang='lat' dir='ltr'>nitu</span> <span class='ocrx_word' id='word_1_51' title='bbox 168 842 298 909; x_wconf 86' lang='lat' dir='ltr'>ceterique</span> <span class='ocrx_word' id='word_1_52' title='bbox 305 841 453 910; x_wconf 80' lang='lat' dir='ltr'>scriptores,</span> <span class='ocrx_word' id='word_1_53' title='bbox 462 843 542 910; x_wconf 74' lang='lat' dir='ltr'>tnagis</span> <span class='ocrx_word' id='word_1_54' title='bbox 555 842 677 894; x_wconf 85' lang='lat' dir='ltr'>convenit</span> <span class='ocrx_word' id='word_1_55' title='bbox 686 839 877 910; x_wconf 72' lang='lat' dir='ltr'>Pyrgoliedee</span> <span class='ocrx_word' id='word_1_56' title='bbox 919 839 1131 908; x_wconf 84' lang='lat' dir='ltr'>promontorium</span> <span class='ocrx_word' id='word_1_57' title='bbox 1148 839 1273 908; x_wconf 80' lang='lat' dir='ltr'>Europe,</span> <span class='ocrx_word' id='word_1_58' title='bbox 1286 838 1359 908; x_wconf 92' lang='lat' dir='ltr'>qnod</span> <span class='ocrx_word' id='word_1_59' title='bbox 1378 837 1476 892; x_wconf 89' lang='lat' dir='ltr'>claudit</span> <span class='ocrx_word' id='word_1_60' title='bbox 1493 849 1600 909; x_wconf 84' lang='lat' dir='ltr'>portum</span> <span class='ocrx_word' id='word_1_61' title='bbox 1613 838 1701 910; x_wconf 78' lang='lat' dir='ltr'>Eplte·</span> 
     </span>
     <span class='ocr_line' id='line_1_6' title="bbox 100 923 1700 996; baseline 0.001 -20"><span class='ocrx_word' id='word_1_62' title='bbox 100 942 176 992; x_wconf 82' lang='lat' dir='ltr'>quam</span> <span class='ocrx_word' id='word_1_63' title='bbox 193 925 300 994; x_wconf 87' lang='lat' dir='ltr'>reliquis</span> <span class='ocrx_word' id='word_1_64' title='bbox 316 925 439 996; x_wconf 88' lang='lat' dir='ltr'>scopulis.</span> <span class='ocrx_word' id='word_1_65' title='bbox 462 925 597 981; x_wconf 73' lang='lat' dir='ltr'>Fluctibus</span> <span class='ocrx_word' id='word_1_66' title='bbox 608 927 679 978; x_wconf 92' lang='lat' dir='ltr'>enim</span> <span class='ocrx_word' id='word_1_67' title='bbox 691 927 772 994; x_wconf 76' lang='lat' dir='ltr'>magis</span> <span class='ocrx_word' id='word_1_68' title='bbox 785 925 876 978; x_wconf 86' lang='lat' dir='ltr'>verbe·</span> <span class='ocrx_word' id='word_1_69' title='bbox 919 924 1031 976; x_wconf 88' lang='lat' dir='ltr'>siorum.</span> <span class='ocrx_word' id='word_1_70' title='bbox 1067 926 1140 976; x_wconf 83' lang='lat' dir='ltr'>Inter</span> <span class='ocrx_word' id='word_1_71' title='bbox 1152 923 1208 976; x_wconf 74' lang='lat' dir='ltr'>lraec</span> <span class='ocrx_word' id='word_1_72' title='bbox 1221 923 1276 976; x_wconf 89' lang='lat' dir='ltr'>dun</span> <span class='ocrx_word' id='word_1_73' title='bbox 1288 925 1469 994; x_wconf 87' lang='lat' dir='ltr'>promontoria</span> <span class='ocrx_word' id='word_1_74' title='bbox 1483 923 1602 978; x_wconf 78' lang='lat' dir='ltr'>nonnulli</span> <span class='ocrx_word' id='word_1_75' title='bbox 1617 925 1700 995; x_wconf 87' lang='lat' dir='ltr'>pisca·</span> 
     </span>
     <span class='ocr_line' id='line_1_7' title="bbox 99 1009 1701 1086; baseline 0.002 -26"><span class='ocrx_word' id='word_1_76' title='bbox 99 1021 179 1072; x_wconf 86' lang='lat' dir='ltr'>ratur,</span> <span class='ocrx_word' id='word_1_77' title='bbox 195 1019 226 1060; x_wconf 93' lang='lat' dir='ltr'>ut</span> <span class='ocrx_word' id='word_1_78' title='bbox 238 1011 320 1076; x_wconf 80' lang='lat' dir='ltr'>magis</span> <span class='ocrx_word' id='word_1_79' title='bbox 337 1010 556 1079; x_wconf 74' lang='lat' dir='ltr'>septentrionibus</span> <span class='ocrx_word' id='word_1_80' title='bbox 568 1021 667 1080; x_wconf 77' lang='lat' dir='ltr'>putem.</span> <span class='ocrx_word' id='word_1_81' title='bbox 705 1012 832 1064; x_wconf 76' lang='lat' dir='ltr'>Praeterca</span> <span class='ocrx_word' id='word_1_82' title='bbox 848 1011 875 1061; x_wconf 90' lang='lat' dir='ltr'>in</span> <span class='ocrx_word' id='word_1_83' title='bbox 920 1020 990 1064; x_wconf 83' lang='lat' dir='ltr'>tores</span> <span class='ocrx_word' id='word_1_84' title='bbox 1000 1009 1093 1062; x_wconf 89' lang='lat' dir='ltr'>dicunt</span> <span class='ocrx_word' id='word_1_85' title='bbox 1109 1009 1205 1062; x_wconf 81' lang='lat' dir='ltr'>fretum</span> <span class='ocrx_word' id='word_1_86' title='bbox 1220 1011 1330 1086; x_wconf 82' lang='lat' dir='ltr'>qupori</span> <span class='ocrx_word' id='word_1_87' title='bbox 1345 1021 1397 1063; x_wconf 89' lang='lat' dir='ltr'>tam</span> <span class='ocrx_word' id='word_1_88' title='bbox 1417 1021 1557 1079; x_wconf 73' lang='lat' dir='ltr'>rogantum</span> <span class='ocrx_word' id='word_1_89' title='bbox 1577 1011 1632 1064; x_wconf 82' lang='lat' dir='ltr'>fere</span> <span class='ocrx_word' id='word_1_90' title='bbox 1644 1029 1701 1064; x_wconf 82' lang='lat' dir='ltr'>esse</span> 
     </span>
     <span class='ocr_line' id='line_1_8' title="bbox 99 1094 1702 1170; baseline 0.004 -24"><span class='ocrx_word' id='word_1_91' title='bbox 99 1105 210 1162; x_wconf 87' lang='lat' dir='ltr'>quatuor</span> <span class='ocrx_word' id='word_1_92' title='bbox 219 1105 303 1170; x_wconf 72' lang='lat' dir='ltr'>petras</span> <span class='ocrx_word' id='word_1_93' title='bbox 316 1095 415 1148; x_wconf 81' lang='lat' dir='ltr'>divisus</span> <span class='ocrx_word' id='word_1_94' title='bbox 426 1094 806 1166; x_wconf 78' lang='lat' dir='ltr'>undiquecircumdatnrsatis</span> <span class='ocrx_word' id='word_1_95' title='bbox 818 1113 877 1167; x_wconf 92' lang='lat' dir='ltr'>pro-</span> <span class='ocrx_word' id='word_1_96' title='bbox 920 1113 999 1166; x_wconf 86' lang='lat' dir='ltr'>quam</span> <span class='ocrx_word' id='word_1_97' title='bbox 1024 1097 1093 1148; x_wconf 89' lang='lat' dir='ltr'>inter</span> <span class='ocrx_word' id='word_1_98' title='bbox 1119 1095 1218 1148; x_wconf 69' lang='lat' dir='ltr'>ranst.</span> <span class='ocrx_word' id='word_1_99' title='bbox 1256 1099 1315 1149; x_wconf 82' lang='lat' dir='ltr'>lam</span> <span class='ocrx_word' id='word_1_100' title='bbox 1340 1115 1403 1150; x_wconf 86' lang='lat' dir='ltr'>vero</span> <span class='ocrx_word' id='word_1_101' title='bbox 1425 1098 1452 1150; x_wconf 92' lang='lat' dir='ltr'>in</span> <span class='ocrx_word' id='word_1_102' title='bbox 1472 1099 1549 1162; x_wconf 90' lang='lat' dir='ltr'>sinn,</span> <span class='ocrx_word' id='word_1_103' title='bbox 1563 1115 1643 1166; x_wconf 89' lang='lat' dir='ltr'>quem</span> <span class='ocrx_word' id='word_1_104' title='bbox 1667 1098 1702 1152; x_wconf 89' lang='lat' dir='ltr'>ab</span> 
     </span>
     <span class='ocr_line' id='line_1_9' title="bbox 99 1177 1702 1252; baseline 0.004 -23"><span class='ocrx_word' id='word_1_105' title='bbox 99 1177 168 1246; x_wconf 79' lang='lat' dir='ltr'>jectis</span> <span class='ocrx_word' id='word_1_106' title='bbox 180 1197 213 1230; x_wconf 81' lang='lat' dir='ltr'>ex</span> <span class='ocrx_word' id='word_1_107' title='bbox 228 1180 327 1242; x_wconf 89' lang='lat' dir='ltr'>ruinis,</span> <span class='ocrx_word' id='word_1_108' title='bbox 346 1197 411 1248; x_wconf 83' lang='lat' dir='ltr'>quas</span> <span class='ocrx_word' id='word_1_109' title='bbox 426 1178 569 1250; x_wconf 86' lang='lat' dir='ltr'>aliqnando</span> <span class='ocrx_word' id='word_1_110' title='bbox 586 1179 699 1234; x_wconf 79' lang='lat' dir='ltr'>edidisse</span> <span class='ocrx_word' id='word_1_111' title='bbox 714 1180 817 1234; x_wconf 81' lang='lat' dir='ltr'>videtur</span> <span class='ocrx_word' id='word_1_112' title='bbox 837 1181 876 1234; x_wconf 82' lang='lat' dir='ltr'>rel</span> <span class='ocrx_word' id='word_1_113' title='bbox 919 1181 1042 1251; x_wconf 83' lang='lat' dir='ltr'>aquilone</span> <span class='ocrx_word' id='word_1_114' title='bbox 1058 1179 1158 1234; x_wconf 82' lang='lat' dir='ltr'>clandit</span> <span class='ocrx_word' id='word_1_115' title='bbox 1170 1183 1382 1252; x_wconf 81' lang='lat' dir='ltr'>promontorium</span> <span class='ocrx_word' id='word_1_116' title='bbox 1395 1183 1551 1244; x_wconf 75' lang='lat' dir='ltr'>Coracium,</span> <span class='ocrx_word' id='word_1_117' title='bbox 1565 1182 1639 1236; x_wconf 88' lang='lat' dir='ltr'>locus</span> <span class='ocrx_word' id='word_1_118' title='bbox 1661 1193 1702 1236; x_wconf 88' lang='lat' dir='ltr'>est</span> 
     </span>
     <span class='ocr_line' id='line_1_10' title="bbox 99 1266 1701 1339; baseline 0.002 -21"><span class='ocrx_word' id='word_1_119' title='bbox 99 1277 171 1318; x_wconf 77' lang='lat' dir='ltr'>terre</span> <span class='ocrx_word' id='word_1_120' title='bbox 194 1275 271 1318; x_wconf 87' lang='lat' dir='ltr'>motu</span> <span class='ocrx_word' id='word_1_121' title='bbox 295 1266 334 1318; x_wconf 79' lang='lat' dir='ltr'>vel</span> <span class='ocrx_word' id='word_1_122' title='bbox 355 1267 480 1337; x_wconf 83' lang='lat' dir='ltr'>temporis</span> <span class='ocrx_word' id='word_1_123' title='bbox 501 1277 641 1331; x_wconf 78' lang='lat' dir='ltr'>vetustate,</span> <span class='ocrx_word' id='word_1_124' title='bbox 664 1267 720 1331; x_wconf 83' lang='lat' dir='ltr'>vel,</span> <span class='ocrx_word' id='word_1_125' title='bbox 742 1277 772 1320; x_wconf 89' lang='lat' dir='ltr'>nt</span> <span class='ocrx_word' id='word_1_126' title='bbox 794 1278 877 1338; x_wconf 79' lang='lat' dir='ltr'>poete</span> <span class='ocrx_word' id='word_1_127' title='bbox 920 1269 1071 1321; x_wconf 70' lang='lat' dir='ltr'>nominatus</span> <span class='ocrx_word' id='word_1_128' title='bbox 1093 1286 1110 1320; x_wconf 84' lang='lat' dir='ltr'>a</span> <span class='ocrx_word' id='word_1_129' title='bbox 1133 1269 1232 1321; x_wconf 76' lang='lat' dir='ltr'>Grecis</span> <span class='ocrx_word' id='word_1_130' title='bbox 1252 1269 1429 1339; x_wconf 83' lang='lat' dir='ltr'>Mancipium,</span> <span class='ocrx_word' id='word_1_131' title='bbox 1454 1269 1645 1322; x_wconf 83' lang='lat' dir='ltr'>affirmantibus</span> <span class='ocrx_word' id='word_1_132' title='bbox 1663 1269 1701 1322; x_wconf 90' lang='lat' dir='ltr'>ibi</span> 
     </span>
     <span class='ocr_line' id='line_1_11' title="bbox 98 1342 1702 1422; baseline 0.002 -20"><span class='ocrx_word' id='word_1_133' title='bbox 98 1351 185 1413; x_wconf 81' lang='lat' dir='ltr'>aiam,</span> <span class='ocrx_word' id='word_1_134' title='bbox 207 1369 240 1402; x_wconf 84' lang='lat' dir='ltr'>ex</span> <span class='ocrx_word' id='word_1_135' title='bbox 263 1367 394 1402; x_wconf 80' lang='lat' dir='ltr'>concursu</span> <span class='ocrx_word' id='word_1_136' title='bbox 413 1350 625 1420; x_wconf 76' lang='lat' dir='ltr'>symplegadum.</span> <span class='ocrx_word' id='word_1_137' title='bbox 661 1353 740 1404; x_wconf 87' lang='lat' dir='ltr'>ttunc</span> <span class='ocrx_word' id='word_1_138' title='bbox 759 1353 829 1405; x_wconf 89' lang='lat' dir='ltr'>enirn</span> <span class='ocrx_word' id='word_1_139' title='bbox 848 1353 876 1404; x_wconf 90' lang='lat' dir='ltr'>in</span> <span class='ocrx_word' id='word_1_140' title='bbox 919 1353 982 1406; x_wconf 88' lang='lat' dir='ltr'>clim</span> <span class='ocrx_word' id='word_1_141' title='bbox 996 1352 1075 1404; x_wconf 84' lang='lat' dir='ltr'>luisse</span> <span class='ocrx_word' id='word_1_142' title='bbox 1096 1342 1218 1416; x_wconf 82' lang='lat' dir='ltr'>furnum,</span> <span class='ocrx_word' id='word_1_143' title='bbox 1232 1369 1311 1422; x_wconf 84' lang='lat' dir='ltr'>quem</span> <span class='ocrx_word' id='word_1_144' title='bbox 1334 1353 1426 1420; x_wconf 69' lang='lat' dir='ltr'>vulgus</span> <span class='ocrx_word' id='word_1_145' title='bbox 1445 1354 1598 1406; x_wconf 71' lang='lat' dir='ltr'>Grnoorunt</span> <span class='ocrx_word' id='word_1_146' title='bbox 1615 1355 1702 1406; x_wconf 90' lang='lat' dir='ltr'>nomi·</span> 
     </span>
     <span class='ocr_line' id='line_1_12' title="bbox 98 1435 1701 1510; baseline 0.002 -22"><span class='ocrx_word' id='word_1_147' title='bbox 98 1448 210 1504; x_wconf 85' lang='lat' dir='ltr'>quatuor</span> <span class='ocrx_word' id='word_1_148' title='bbox 224 1447 311 1507; x_wconf 85' lang='lat' dir='ltr'>petras</span> <span class='ocrx_word' id='word_1_149' title='bbox 328 1435 440 1490; x_wconf 81' lang='lat' dir='ltr'>divisum</span> <span class='ocrx_word' id='word_1_150' title='bbox 459 1438 656 1490; x_wconf 85' lang='lat' dir='ltr'>convenientius</span> <span class='ocrx_word' id='word_1_151' title='bbox 677 1437 779 1490; x_wconf 76' lang='lat' dir='ltr'>videtur</span> <span class='ocrx_word' id='word_1_152' title='bbox 790 1437 877 1508; x_wconf 90' lang='lat' dir='ltr'>appel·</span> <span class='ocrx_word' id='word_1_153' title='bbox 920 1457 984 1492; x_wconf 87' lang='lat' dir='ltr'>unre</span> <span class='ocrx_word' id='word_1_154' title='bbox 996 1439 1061 1492; x_wconf 84' lang='lat' dir='ltr'>solet</span> <span class='ocrx_word' id='word_1_155' title='bbox 1071 1439 1246 1510; x_wconf 78' lang='lat' dir='ltr'>mancipium,</span> <span class='ocrx_word' id='word_1_156' title='bbox 1262 1440 1440 1508; x_wconf 75' lang='lat' dir='ltr'>ignorantium</span> <span class='ocrx_word' id='word_1_157' title='bbox 1451 1439 1539 1492; x_wconf 87' lang='lat' dir='ltr'>locum</span> <span class='ocrx_word' id='word_1_158' title='bbox 1553 1440 1625 1492; x_wconf 85' lang='lat' dir='ltr'>hunc</span> <span class='ocrx_word' id='word_1_159' title='bbox 1636 1439 1701 1492; x_wconf 89' lang='lat' dir='ltr'>olim</span> 
     </span>
     <span class='ocr_line' id='line_1_13' title="bbox 98 1520 1702 1594; baseline 0.004 -22"><span class='ocrx_word' id='word_1_160' title='bbox 98 1520 148 1572; x_wconf 85' lang='lat' dir='ltr'>lare</span> <span class='ocrx_word' id='word_1_161' title='bbox 164 1522 297 1590; x_wconf 57' lang='lat' dir='ltr'>Cyaneas,</span> <span class='ocrx_word' id='word_1_162' title='bbox 312 1531 342 1574; x_wconf 91' lang='lat' dir='ltr'>ut</span> <span class='ocrx_word' id='word_1_163' title='bbox 356 1539 447 1574; x_wconf 85' lang='lat' dir='ltr'>omnes</span> <span class='ocrx_word' id='word_1_164' title='bbox 463 1522 563 1592; x_wconf 79' lang='lat' dir='ltr'>antiqui</span> <span class='ocrx_word' id='word_1_165' title='bbox 583 1522 711 1592; x_wconf 84' lang='lat' dir='ltr'>appellant</span> <span class='ocrx_word' id='word_1_166' title='bbox 723 1523 750 1574; x_wconf 91' lang='lat' dir='ltr'>in</span> <span class='ocrx_word' id='word_1_167' title='bbox 767 1539 877 1576; x_wconf 88' lang='lat' dir='ltr'>numero</span> <span class='ocrx_word' id='word_1_168' title='bbox 920 1525 1076 1594; x_wconf 84' lang='lat' dir='ltr'>appellatum</span> <span class='ocrx_word' id='word_1_169' title='bbox 1092 1524 1171 1576; x_wconf 85' lang='lat' dir='ltr'>inisse</span> <span class='ocrx_word' id='word_1_170' title='bbox 1192 1525 1373 1588; x_wconf 84' lang='lat' dir='ltr'>Panticlrium,</span> <span class='ocrx_word' id='word_1_171' title='bbox 1391 1524 1461 1578; x_wconf 88' lang='lat' dir='ltr'>unde</span> <span class='ocrx_word' id='word_1_172' title='bbox 1479 1525 1527 1594; x_wconf 81' lang='lat' dir='ltr'>ipsi</span> <span class='ocrx_word' id='word_1_173' title='bbox 1541 1543 1556 1578; x_wconf 87' lang='lat' dir='ltr'>a</span> <span class='ocrx_word' id='word_1_174' title='bbox 1571 1525 1702 1578; x_wconf 76' lang='lat' dir='ltr'>vicinitate</span> 
     </span>
     <span class='ocr_line' id='line_1_14' title="bbox 98 1605 1702 1681; baseline 0.005 -25"><span class='ocrx_word' id='word_1_175' title='bbox 98 1605 226 1674; x_wconf 66' lang='lat' dir='ltr'>lilerium,</span> <span class='ocrx_word' id='word_1_176' title='bbox 248 1623 327 1675; x_wconf 76' lang='lat' dir='ltr'>rpuam</span> <span class='ocrx_word' id='word_1_177' title='bbox 346 1607 465 1676; x_wconf 80' lang='lat' dir='ltr'>quemvis</span> <span class='ocrx_word' id='word_1_178' title='bbox 482 1625 513 1658; x_wconf 81' lang='lat' dir='ltr'>ct</span> <span class='ocrx_word' id='word_1_179' title='bbox 528 1607 619 1659; x_wconf 86' lang='lat' dir='ltr'>ceteris</span> <span class='ocrx_word' id='word_1_180' title='bbox 639 1606 751 1678; x_wconf 81' lang='lat' dir='ltr'>seopulis</span> <span class='ocrx_word' id='word_1_181' title='bbox 771 1607 877 1676; x_wconf 73' lang='lat' dir='ltr'>singulis</span> <span class='ocrx_word' id='word_1_182' title='bbox 920 1609 1246 1662; x_wconf 85' lang='lat' dir='ltr'>nominisdetorseruntin</span> <span class='ocrx_word' id='word_1_183' title='bbox 1262 1611 1424 1681; x_wconf 82' lang='lat' dir='ltr'>liancipiutn</span> <span class='ocrx_word' id='word_1_184' title='bbox 1440 1609 1486 1664; x_wconf 83' lang='lat' dir='ltr'>:id</span> <span class='ocrx_word' id='word_1_185' title='bbox 1500 1609 1572 1680; x_wconf 90' lang='lat' dir='ltr'>qnod</span> <span class='ocrx_word' id='word_1_186' title='bbox 1588 1629 1621 1664; x_wconf 81' lang='lat' dir='ltr'>et</span> <span class='ocrx_word' id='word_1_187' title='bbox 1637 1613 1702 1664; x_wconf 87' lang='lat' dir='ltr'>Dio·</span> 
     </span>
     <span class='ocr_line' id='line_1_15' title="bbox 98 1691 1362 1766; baseline 0.008 -26"><span class='ocrx_word' id='word_1_188' title='bbox 98 1707 146 1740; x_wconf 91' lang='lat' dir='ltr'>una</span> <span class='ocrx_word' id='word_1_189' title='bbox 157 1701 232 1760; x_wconf 82' lang='lat' dir='ltr'>petra</span> <span class='ocrx_word' id='word_1_190' title='bbox 242 1691 422 1745; x_wconf 73' lang='lat' dir='ltr'>constantibus</span> <span class='ocrx_word' id='word_1_191' title='bbox 431 1704 454 1746; x_wconf 84' lang='lat'>7.</span> <span class='ocrx_word' id='word_1_192' title='bbox 479 1692 529 1744; x_wconf 89' lang='lat' dir='ltr'>Sed</span> <span class='ocrx_word' id='word_1_193' title='bbox 541 1692 624 1745; x_wconf 89' lang='lat' dir='ltr'>debis</span> <span class='ocrx_word' id='word_1_194' title='bbox 635 1693 756 1763; x_wconf 86' lang='lat' dir='ltr'>relinquo</span> <span class='ocrx_word' id='word_1_195' title='bbox 766 1694 876 1746; x_wconf 87' lang='lat' dir='ltr'>liberum</span> <span class='ocrx_word' id='word_1_196' title='bbox 920 1697 996 1766; x_wconf 81' lang='lat' dir='ltr'>nysio</span> <span class='ocrx_word' id='word_1_197' title='bbox 1008 1694 1165 1761; x_wconf 85' lang='lat' dir='ltr'>ostenditur,</span> <span class='ocrx_word' id='word_1_198' title='bbox 1175 1713 1238 1749; x_wconf 88' lang='lat' dir='ltr'>cnm</span> <span class='ocrx_word' id='word_1_199' title='bbox 1245 1697 1283 1748; x_wconf 89' lang='lat' dir='ltr'>ait</span> <span class='ocrx_word' id='word_1_200' title='bbox 1295 1715 1302 1750; x_wconf 76' lang='grc' dir='ltr'>ε</span> <span class='ocrx_word' id='word_1_201' title='bbox 1356 1719 1362 1728; x_wconf 73' lang='grc'><strong>’</strong></span> 
     </span>
    </p>

    <p class='ocr_par' dir='ltr' id='par_1_3' title="bbox 95 1773 1343 1848">
     <span class='ocr_line' id='line_1_16' title="bbox 95 1773 1343 1848; baseline 0.006 -24"><span class='ocrx_word' id='word_1_202' title='bbox 95 1773 225 1842; x_wconf 89' lang='lat' dir='ltr'>judicium</span> <span class='ocrx_word' id='word_1_203' title='bbox 242 1776 366 1829; x_wconf 87' lang='lat' dir='ltr'>omnibus</span> <span class='ocrx_word' id='word_1_204' title='bbox 383 1776 438 1840; x_wconf 87' lang='lat' dir='ltr'>bis,</span> <span class='ocrx_word' id='word_1_205' title='bbox 454 1777 498 1846; x_wconf 87' lang='lat' dir='ltr'>qui</span> <span class='ocrx_word' id='word_1_206' title='bbox 513 1787 572 1847; x_wconf 90' lang='lat' dir='ltr'>post</span> <span class='ocrx_word' id='word_1_207' title='bbox 590 1795 632 1830; x_wconf 89' lang='lat' dir='ltr'>me</span> <span class='ocrx_word' id='word_1_208' title='bbox 643 1776 797 1846; x_wconf 73' lang='lat' dir='ltr'>deligentius</span> <span class='ocrx_word' id='word_1_209' title='bbox 810 1780 875 1848; x_wconf 85' lang='lat' dir='ltr'>Cya-</span> <span class='ocrx_word' id='word_1_210' title='bbox 1198 1785 1201 1788; x_wconf 82' lang='grc'>’</span> <span class='ocrx_word' id='word_1_211' title='bbox 1337 1833 1343 1843; x_wconf 79' lang='grc'>,</span> 
     </span>
    </p>

    <p class='ocr_par' dir='ltr' id='par_1_4' title="bbox 99 1853 1368 1930">
     <span class='ocr_line' id='line_1_17' title="bbox 99 1853 1368 1930; baseline -0.001 -18"><span class='ocrx_word' id='word_1_212' title='bbox 99 1863 342 1930; x_wconf 68' lang='lat' dir='ltr'>neaspermtigarc</span> <span class='ocrx_word' id='word_1_213' title='bbox 353 1863 529 1916; x_wconf 85' lang='lat' dir='ltr'>conabuntur.</span> <span class='ocrx_word' id='word_1_214' title='bbox 1244 1853 1295 1912; x_wconf 78' lang='lat' dir='ltr'>Fr.</span> <span class='ocrx_word' id='word_1_215' title='bbox 1318 1859 1368 1911; x_wconf 72' lang='lat' dir='ltr'>SS-</span> 
     </span>
    </p>
   </div>
   <div class='ocr_carea' id='block_1_3' title="bbox 98 2005 1703 2176">
    <p class='ocr_par' dir='ltr' id='par_1_5' title="bbox 98 2005 1703 2176">
     <span class='ocr_line' id='line_1_18' title="bbox 98 2005 1701 2086; baseline 0.007 -22"><span class='ocrx_word' id='word_1_216' title='bbox 98 2015 142 2066; x_wconf 84' lang='lat' dir='ltr'>IV.</span> <span class='ocrx_word' id='word_1_217' title='bbox 155 2019 193 2066; x_wconf 83' lang='lat' dir='ltr'>De</span> <span class='ocrx_word' id='word_1_218' title='bbox 201 2017 381 2086; x_wconf 84' lang='lat' dir='ltr'>prnmontorio</span> <span class='ocrx_word' id='word_1_219' title='bbox 398 2019 503 2070; x_wconf 83' lang='lat' dir='ltr'>Corneio</span> <span class='ocrx_word' id='word_1_220' title='bbox 515 2019 582 2070; x_wconf 81' lang='lat' dir='ltr'>etde</span> <span class='ocrx_word' id='word_1_221' title='bbox 597 2021 767 2072; x_wconf 78' lang='lat' dir='ltr'>Panticlioet</span> <span class='ocrx_word' id='word_1_222' title='bbox 778 2019 871 2072; x_wconf 83' lang='lat' dir='ltr'>desen·</span> <span class='ocrx_word' id='word_1_223' title='bbox 956 2011 1020 2060; x_wconf 57' lang='grc' dir='ltr'>ΡΜ(</span> <span class='ocrx_word' id='word_1_224' title='bbox 1036 2011 1147 2076; x_wconf 62' lang='lat' dir='ltr'>(imm</span> <span class='ocrx_word' id='word_1_225' title='bbox 1159 2025 1213 2058; x_wconf 58' lang='grc' dir='ltr'><strong>Μ</strong></span> <span class='ocrx_word' id='word_1_226' title='bbox 1220 2005 1425 2078; x_wconf 59' lang='lat' dir='ltr'>Pl⁰m⁰⁸¹⁰fll⁴m</span> <span class='ocrx_word' id='word_1_227' title='bbox 1436 2006 1570 2058; x_wconf 55' lang='lat' dir='ltr'>&amp;mmm</span> <span class='ocrx_word' id='word_1_228' title='bbox 1579 2016 1604 2057; x_wconf 72' lang='lat'>‘¹</span> <span class='ocrx_word' id='word_1_229' title='bbox 1618 2005 1701 2057; x_wconf 64' lang='lat' dir='ltr'>&#39;‘ml’&#39;</span> 
     </span>
     <span class='ocr_line' id='line_1_19' title="bbox 329 2077 1703 2176; baseline -0.001 -40"><span class='ocrx_word' id='word_1_230' title='bbox 329 2103 365 2156; x_wconf 56' lang='grc' dir='ltr'>ἦ,</span> <span class='ocrx_word' id='word_1_231' title='bbox 382 2105 540 2176; x_wconf 57' lang='lat' dir='ltr'>„mmm</span> <span class='ocrx_word' id='word_1_232' title='bbox 556 2105 647 2158; x_wconf 50' lang='lat' dir='ltr'><em>chelis·</em></span> <span class='ocrx_word' id='word_1_233' title='bbox 921 2084 1014 2148; x_wconf 81' lang='lat' dir='ltr'>liuns,</span> <span class='ocrx_word' id='word_1_234' title='bbox 1025 2085 1068 2138; x_wconf 84' lang='lat' dir='ltr'>cni</span> <span class='ocrx_word' id='word_1_235' title='bbox 1079 2104 1168 2136; x_wconf 85' lang='lat' dir='ltr'>nonren</span> <span class='ocrx_word' id='word_1_236' title='bbox 1182 2077 1337 2154; x_wconf 74' lang='grc' dir='ltr'>Παντιίχιον</span> <span class='ocrx_word' id='word_1_237' title='bbox 1346 2083 1380 2134; x_wconf 84' lang='lat' dir='ltr'>ab</span> <span class='ocrx_word' id='word_1_238' title='bbox 1390 2082 1703 2151; x_wconf 75' lang='lat' dir='ltr'>exstructionesossnrum</span> 
     </span>
    </p>
   </div>
   <div class='ocr_carea' id='block_1_4' title="bbox 97 2169 1736 3271">
    <p class='ocr_par' dir='ltr' id='par_1_6' title="bbox 920 2169 1402 2222">
     <span class='ocr_line' id='line_1_20' title="bbox 920 2169 1402 2222; baseline 0 -1"><span class='ocrx_word' id='word_1_239' title='bbox 920 2188 1017 2222; x_wconf 82' lang='lat' dir='ltr'>orrrncm</span> <span class='ocrx_word' id='word_1_240' title='bbox 1029 2169 1096 2221; x_wconf 74' lang='lat' dir='ltr'>deinc</span> <span class='ocrx_word' id='word_1_241' title='bbox 1110 2169 1193 2220; x_wconf 86' lang='lat' dir='ltr'>locum</span> <span class='ocrx_word' id='word_1_242' title='bbox 1203 2169 1371 2221; x_wconf 77' lang='lat' dir='ltr'>ambientium</span> <span class='ocrx_word' id='word_1_243' title='bbox 1381 2179 1402 2221; x_wconf 89' lang='lat'>¹.</span> 
     </span>
    </p>

    <p class='ocr_par' dir='ltr' id='par_1_7' title="bbox 97 2249 1736 3271">
     <span class='ocr_line' id='line_1_21' title="bbox 130 2249 1736 2324; baseline -0.001 -23"><span class='ocrx_word' id='word_1_244' title='bbox 130 2251 363 2314; x_wconf 86' lang='lat' dir='ltr'>Promontorinm,</span> <span class='ocrx_word' id='word_1_245' title='bbox 381 2250 452 2321; x_wconf 90' lang='lat' dir='ltr'>quod</span> <span class='ocrx_word' id='word_1_246' title='bbox 472 2269 487 2303; x_wconf 87' lang='lat' dir='ltr'>a</span> <span class='ocrx_word' id='word_1_247' title='bbox 505 2251 725 2321; x_wconf 82' lang='lat' dir='ltr'>septentrionibus</span> <span class='ocrx_word' id='word_1_248' title='bbox 747 2253 826 2320; x_wconf 83' lang='lat' dir='ltr'>cingit</span> <span class='ocrx_word' id='word_1_249' title='bbox 844 2253 877 2304; x_wconf 87' lang='lat' dir='ltr'>si·</span> <span class='ocrx_word' id='word_1_250' title='bbox 956 2257 1016 2306; x_wconf 90' lang='lat' dir='ltr'>Duo</span> <span class='ocrx_word' id='word_1_251' title='bbox 1028 2255 1162 2306; x_wconf 84' lang='lat' dir='ltr'>Panticlria</span> <span class='ocrx_word' id='word_1_252' title='bbox 1175 2255 1332 2324; x_wconf 87' lang='lat' dir='ltr'>scriptorum</span> <span class='ocrx_word' id='word_1_253' title='bbox 1347 2253 1524 2304; x_wconf 82' lang='lat' dir='ltr'>monumentis</span> <span class='ocrx_word' id='word_1_254' title='bbox 1536 2249 1704 2304; x_wconf 89' lang='lat' dir='ltr'>celebrantur</span> <span class='ocrx_word' id='word_1_255' title='bbox 1726 2283 1736 2300; x_wconf 86' lang='lat'>.</span> 
     </span>
     <span class='ocr_line' id='line_1_22' title="bbox 97 2335 1703 2407; baseline 0.003 -24"><span class='ocrx_word' id='word_1_256' title='bbox 97 2351 172 2396; x_wconf 88' lang='lat' dir='ltr'>num,</span> <span class='ocrx_word' id='word_1_257' title='bbox 186 2335 264 2404; x_wconf 74' lang='lat' dir='ltr'>vulgo</span> <span class='ocrx_word' id='word_1_258' title='bbox 279 2347 457 2407; x_wconf 86' lang='lat' dir='ltr'>nuncupatum</span> <span class='ocrx_word' id='word_1_259' title='bbox 470 2337 533 2388; x_wconf 90' lang='lat' dir='ltr'>Dios</span> <span class='ocrx_word' id='word_1_260' title='bbox 546 2337 687 2406; x_wconf 83' lang='lat' dir='ltr'>Sacra(ex</span> <span class='ocrx_word' id='word_1_261' title='bbox 706 2355 738 2388; x_wconf 92' lang='lat' dir='ltr'>eo</span> <span class='ocrx_word' id='word_1_262' title='bbox 751 2338 875 2400; x_wconf 77' lang='lat' dir='ltr'>arbitror,</span> <span class='ocrx_word' id='word_1_263' title='bbox 919 2341 968 2392; x_wconf 86' lang='lat' dir='ltr'>sita</span> <span class='ocrx_word' id='word_1_264' title='bbox 990 2341 1017 2392; x_wconf 91' lang='lat' dir='ltr'>in</span> <span class='ocrx_word' id='word_1_265' title='bbox 1037 2357 1084 2391; x_wconf 90' lang='lat' dir='ltr'>ora</span> <span class='ocrx_word' id='word_1_266' title='bbox 1104 2339 1233 2390; x_wconf 87' lang='lat' dir='ltr'>maritima</span> <span class='ocrx_word' id='word_1_267' title='bbox 1246 2337 1432 2399; x_wconf 78' lang='lat' dir='ltr'>Chalcedonis,</span> <span class='ocrx_word' id='word_1_268' title='bbox 1451 2347 1561 2405; x_wconf 83' lang='lat' dir='ltr'>utraque</span> <span class='ocrx_word' id='word_1_269' title='bbox 1585 2337 1703 2406; x_wconf 74' lang='lat' dir='ltr'>Byzantii</span> 
     </span>
     <span class='ocr_line' id='line_1_23' title="bbox 97 2418 1700 2495; baseline 0.004 -26"><span class='ocrx_word' id='word_1_270' title='bbox 97 2418 167 2487; x_wconf 91' lang='lat' dir='ltr'>qnod</span> <span class='ocrx_word' id='word_1_271' title='bbox 180 2419 244 2471; x_wconf 89' lang='lat' dir='ltr'>olim</span> <span class='ocrx_word' id='word_1_272' title='bbox 257 2420 293 2472; x_wconf 86' lang='lat' dir='ltr'>ibi</span> <span class='ocrx_word' id='word_1_273' title='bbox 308 2421 393 2490; x_wconf 87' lang='lat' dir='ltr'>aliqua</span> <span class='ocrx_word' id='word_1_274' title='bbox 405 2423 477 2473; x_wconf 84' lang='lat' dir='ltr'>Jovis</span> <span class='ocrx_word' id='word_1_275' title='bbox 489 2419 528 2472; x_wconf 88' lang='lat' dir='ltr'>vel</span> <span class='ocrx_word' id='word_1_276' title='bbox 537 2422 661 2491; x_wconf 83' lang='lat' dir='ltr'>Neptuni,</span> <span class='ocrx_word' id='word_1_277' title='bbox 677 2421 780 2474; x_wconf 87' lang='lat' dir='ltr'>alterius</span> <span class='ocrx_word' id='word_1_278' title='bbox 793 2425 875 2486; x_wconf 82' lang='lat' dir='ltr'>lovis,</span> <span class='ocrx_word' id='word_1_279' title='bbox 920 2424 1087 2488; x_wconf 85' lang='lat' dir='ltr'>suburbana,</span> <span class='ocrx_word' id='word_1_280' title='bbox 1109 2433 1221 2493; x_wconf 86' lang='lat' dir='ltr'>utraque</span> <span class='ocrx_word' id='word_1_281' title='bbox 1234 2424 1290 2495; x_wconf 90' lang='lat' dir='ltr'>pari</span> <span class='ocrx_word' id='word_1_282' title='bbox 1312 2424 1397 2493; x_wconf 83' lang='lat' dir='ltr'>spetio</span> <span class='ocrx_word' id='word_1_283' title='bbox 1415 2421 1539 2474; x_wconf 75' lang='lat' dir='ltr'>distantia</span> <span class='ocrx_word' id='word_1_284' title='bbox 1554 2423 1700 2492; x_wconf 76' lang='lat' dir='ltr'>Byzantio:</span> 
     </span>
     <span class='ocr_line' id='line_1_24' title="bbox 97 2505 1704 2582; baseline 0.002 -27"><span class='ocrx_word' id='word_1_285' title='bbox 97 2507 301 2575; x_wconf 70' lang='lat' dir='ltr'>araesstiterit¹l</span> <span class='ocrx_word' id='word_1_286' title='bbox 310 2506 426 2577; x_wconf 90' lang='lat' dir='ltr'>undique</span> <span class='ocrx_word' id='word_1_287' title='bbox 436 2523 550 2578; x_wconf 74' lang='lat' dir='ltr'>praeceps</span> <span class='ocrx_word' id='word_1_288' title='bbox 559 2517 585 2560; x_wconf 92' lang='lat' dir='ltr'>et</span> <span class='ocrx_word' id='word_1_289' title='bbox 595 2525 702 2560; x_wconf 83' lang='lat' dir='ltr'>saxeum</span> <span class='ocrx_word' id='word_1_290' title='bbox 711 2517 758 2570; x_wconf 88' lang='lat' dir='ltr'>est,</span> <span class='ocrx_word' id='word_1_291' title='bbox 770 2508 876 2577; x_wconf 84' lang='lat' dir='ltr'>longum</span> <span class='ocrx_word' id='word_1_292' title='bbox 920 2527 1034 2580; x_wconf 87' lang='lat' dir='ltr'>quorum</span> <span class='ocrx_word' id='word_1_293' title='bbox 1045 2510 1155 2562; x_wconf 85' lang='lat' dir='ltr'>alterum</span> <span class='ocrx_word' id='word_1_294' title='bbox 1166 2509 1244 2582; x_wconf 89' lang='lat' dir='ltr'>paulo</span> <span class='ocrx_word' id='word_1_295' title='bbox 1259 2519 1319 2561; x_wconf 85' lang='lat' dir='ltr'>ante</span> <span class='ocrx_word' id='word_1_296' title='bbox 1331 2516 1565 2560; x_wconf 85' lang='lat' dir='ltr'>commemoratum</span> <span class='ocrx_word' id='word_1_297' title='bbox 1578 2516 1619 2559; x_wconf 84' lang='lat' dir='ltr'>est</span> <span class='ocrx_word' id='word_1_298' title='bbox 1626 2505 1704 2576; x_wconf 80' lang='lat' dir='ltr'>justa</span> 
     </span>
     <span class='ocr_line' id='line_1_25' title="bbox 99 2590 1704 2666; baseline 0.001 -24"><span class='ocrx_word' id='word_1_299' title='bbox 99 2590 200 2642; x_wconf 84' lang='lat' dir='ltr'>circiter</span> <span class='ocrx_word' id='word_1_300' title='bbox 213 2603 347 2644; x_wconf 80' lang='lat' dir='ltr'>sexcentos</span> <span class='ocrx_word' id='word_1_301' title='bbox 359 2609 448 2663; x_wconf 83' lang='lat' dir='ltr'>possus</span> <span class='ocrx_word' id='word_1_302' title='bbox 458 2632 468 2661; x_wconf 83' lang='lat'>,</span> <span class='ocrx_word' id='word_1_303' title='bbox 480 2591 553 2661; x_wconf 78' lang='lat' dir='ltr'>cujus</span> <span class='ocrx_word' id='word_1_304' title='bbox 566 2591 674 2645; x_wconf 89' lang='lat' dir='ltr'>dorsum</span> <span class='ocrx_word' id='word_1_305' title='bbox 684 2604 837 2662; x_wconf 76' lang='lat' dir='ltr'>angustum,</span> <span class='ocrx_word' id='word_1_306' title='bbox 849 2595 876 2647; x_wconf 92' lang='lat' dir='ltr'>in</span> <span class='ocrx_word' id='word_1_307' title='bbox 922 2599 1069 2666; x_wconf 88' lang='lat' dir='ltr'>Bosporum</span> <span class='ocrx_word' id='word_1_308' title='bbox 1093 2597 1173 2648; x_wconf 89' lang='lat' dir='ltr'>sitnm</span> <span class='ocrx_word' id='word_1_309' title='bbox 1195 2597 1263 2648; x_wconf 85' lang='lat' dir='ltr'>inter</span> <span class='ocrx_word' id='word_1_310' title='bbox 1286 2595 1425 2646; x_wconf 73' lang='lat' dir='ltr'>(bracium</span> <span class='ocrx_word' id='word_1_311' title='bbox 1447 2593 1659 2664; x_wconf 86' lang='lat' dir='ltr'>promontorium</span> <span class='ocrx_word' id='word_1_312' title='bbox 1676 2603 1704 2644; x_wconf 89' lang='lat' dir='ltr'>et</span> 
     </span>
     <span class='ocr_line' id='line_1_26' title="bbox 99 2677 1702 2750; baseline 0.001 -23"><span class='ocrx_word' id='word_1_313' title='bbox 99 2694 151 2745; x_wconf 91' lang='lat' dir='ltr'>quo</span> <span class='ocrx_word' id='word_1_314' title='bbox 163 2677 227 2729; x_wconf 88' lang='lat' dir='ltr'>clim</span> <span class='ocrx_word' id='word_1_315' title='bbox 252 2695 296 2730; x_wconf 85' lang='lat' dir='ltr'>ara</span> <span class='ocrx_word' id='word_1_316' title='bbox 311 2678 396 2748; x_wconf 86' lang='lat' dir='ltr'>aliqua</span> <span class='ocrx_word' id='word_1_317' title='bbox 418 2689 513 2732; x_wconf 78' lang='lat' dir='ltr'>statuta</span> <span class='ocrx_word' id='word_1_318' title='bbox 526 2697 582 2731; x_wconf 85' lang='lat' dir='ltr'>esse</span> <span class='ocrx_word' id='word_1_319' title='bbox 593 2681 679 2750; x_wconf 91' lang='lat' dir='ltr'>potnit</span> <span class='ocrx_word' id='word_1_320' title='bbox 695 2680 734 2732; x_wconf 87' lang='lat' dir='ltr'>vel</span> <span class='ocrx_word' id='word_1_321' title='bbox 747 2683 819 2733; x_wconf 85' lang='lat' dir='ltr'>lovis</span> <span class='ocrx_word' id='word_1_322' title='bbox 838 2682 877 2734; x_wconf 82' lang='lat' dir='ltr'>vel</span> <span class='ocrx_word' id='word_1_323' title='bbox 920 2683 1022 2736; x_wconf 80' lang='lat' dir='ltr'>Fanum</span> <span class='ocrx_word' id='word_1_324' title='bbox 1035 2681 1122 2744; x_wconf 81' lang='lat' dir='ltr'>lovis,</span> <span class='ocrx_word' id='word_1_325' title='bbox 1136 2679 1246 2732; x_wconf 90' lang='lat' dir='ltr'>alterum</span> <span class='ocrx_word' id='word_1_326' title='bbox 1260 2681 1328 2731; x_wconf 90' lang='lat' dir='ltr'>inter</span> <span class='ocrx_word' id='word_1_327' title='bbox 1344 2679 1555 2748; x_wconf 89' lang='lat' dir='ltr'>promontorium</span> <span class='ocrx_word' id='word_1_328' title='bbox 1566 2694 1702 2748; x_wconf 86' lang='lat' dir='ltr'>nuncupa·</span> 
     </span>
     <span class='ocr_line' id='line_1_27' title="bbox 98 2761 1703 2839; baseline -0.001 -25"><span class='ocrx_word' id='word_1_329' title='bbox 98 2765 222 2815; x_wconf 80' lang='lat' dir='ltr'>llercnrii</span> <span class='ocrx_word' id='word_1_330' title='bbox 239 2765 285 2832; x_wconf 92' lang='lat' dir='ltr'>(ut</span> <span class='ocrx_word' id='word_1_331' title='bbox 300 2782 370 2816; x_wconf 90' lang='lat' dir='ltr'>nnnc</span> <span class='ocrx_word' id='word_1_332' title='bbox 384 2766 413 2816; x_wconf 92' lang='lat' dir='ltr'>in</span> <span class='ocrx_word' id='word_1_333' title='bbox 426 2782 458 2817; x_wconf 90' lang='lat' dir='ltr'>eo</span> <span class='ocrx_word' id='word_1_334' title='bbox 472 2765 591 2818; x_wconf 83' lang='lat' dir='ltr'>videmus</span> <span class='ocrx_word' id='word_1_335' title='bbox 610 2765 729 2818; x_wconf 84' lang='lat' dir='ltr'>cumulos</span> <span class='ocrx_word' id='word_1_336' title='bbox 743 2767 875 2839; x_wconf 86' lang='lat' dir='ltr'>lapidum,</span> <span class='ocrx_word' id='word_1_337' title='bbox 921 2775 978 2818; x_wconf 85' lang='lat' dir='ltr'>turn</span> <span class='ocrx_word' id='word_1_338' title='bbox 988 2767 1090 2818; x_wconf 77' lang='lat' dir='ltr'>Acritas</span> <span class='ocrx_word' id='word_1_339' title='bbox 1102 2782 1117 2816; x_wconf 89' lang='lat' dir='ltr'>a</span> <span class='ocrx_word' id='word_1_340' title='bbox 1130 2766 1256 2836; x_wconf 81' lang='lat' dir='ltr'>Menippo</span> <span class='ocrx_word' id='word_1_341' title='bbox 1267 2765 1293 2815; x_wconf 91' lang='lat' dir='ltr'>in</span> <span class='ocrx_word' id='word_1_342' title='bbox 1306 2762 1407 2834; x_wconf 88' lang='lat' dir='ltr'>periplo</span> <span class='ocrx_word' id='word_1_343' title='bbox 1418 2762 1547 2832; x_wconf 79' lang='lat' dir='ltr'>Bithynie</span> <span class='ocrx_word' id='word_1_344' title='bbox 1559 2772 1586 2815; x_wconf 90' lang='lat' dir='ltr'>et</span> <span class='ocrx_word' id='word_1_345' title='bbox 1597 2761 1703 2814; x_wconf 84' lang='lat' dir='ltr'>Chalce-</span> 
     </span>
     <span class='ocr_line' id='line_1_28' title="bbox 99 2845 1702 2922; baseline -0.003 -20"><span class='ocrx_word' id='word_1_346' title='bbox 99 2867 164 2918; x_wconf 89' lang='lat' dir='ltr'>quns</span> <span class='ocrx_word' id='word_1_347' title='bbox 172 2851 282 2902; x_wconf 79' lang='lat' dir='ltr'>Hermas</span> <span class='ocrx_word' id='word_1_348' title='bbox 291 2850 419 2920; x_wconf 77' lang='lat' dir='ltr'>appellare</span> <span class='ocrx_word' id='word_1_349' title='bbox 429 2853 538 2922; x_wconf 82' lang='lat' dir='ltr'>possis),</span> <span class='ocrx_word' id='word_1_350' title='bbox 549 2865 699 2921; x_wconf 77' lang='lat' dir='ltr'>exaggerata</span> <span class='ocrx_word' id='word_1_351' title='bbox 713 2853 746 2905; x_wconf 88' lang='lat' dir='ltr'>ad</span> <span class='ocrx_word' id='word_1_352' title='bbox 761 2853 877 2907; x_wconf 87' lang='lat' dir='ltr'>indican·</span> <span class='ocrx_word' id='word_1_353' title='bbox 920 2851 1018 2904; x_wconf 89' lang='lat' dir='ltr'>donem</span> <span class='ocrx_word' id='word_1_354' title='bbox 1030 2851 1146 2922; x_wconf 86' lang='lat' dir='ltr'>positum</span> <span class='ocrx_word' id='word_1_355' title='bbox 1161 2849 1237 2917; x_wconf 78' lang='lat' dir='ltr'>justa</span> <span class='ocrx_word' id='word_1_356' title='bbox 1252 2847 1458 2918; x_wconf 84' lang='lat' dir='ltr'>Propontidem,</span> <span class='ocrx_word' id='word_1_357' title='bbox 1475 2845 1547 2916; x_wconf 91' lang='lat' dir='ltr'>quod</span> <span class='ocrx_word' id='word_1_358' title='bbox 1562 2864 1633 2899; x_wconf 89' lang='lat' dir='ltr'>nunc</span> <span class='ocrx_word' id='word_1_359' title='bbox 1645 2845 1702 2898; x_wconf 80' lang='lat' dir='ltr'>&#39;fre-</span> 
     </span>
     <span class='ocr_line' id='line_1_29' title="bbox 98 2933 1702 3011; baseline -0.002 -22"><span class='ocrx_word' id='word_1_360' title='bbox 98 2937 238 2990; x_wconf 72' lang='lat' dir='ltr'>damviam</span> <span class='ocrx_word' id='word_1_361' title='bbox 251 2939 352 3002; x_wconf 87' lang='lat' dir='ltr'>nautis,</span> <span class='ocrx_word' id='word_1_362' title='bbox 364 2939 482 3009; x_wconf 83' lang='lat' dir='ltr'>quamvis</span> <span class='ocrx_word' id='word_1_363' title='bbox 493 2939 520 2992; x_wconf 89' lang='lat' dir='ltr'>in</span> <span class='ocrx_word' id='word_1_364' title='bbox 535 2939 584 2992; x_wconf 90' lang='lat' dir='ltr'>hnc</span> <span class='ocrx_word' id='word_1_365' title='bbox 597 2939 683 2995; x_wconf 89' lang='lat' dir='ltr'>medio</span> <span class='ocrx_word' id='word_1_366' title='bbox 694 2942 771 3009; x_wconf 91' lang='lat' dir='ltr'>sinu(</span> <span class='ocrx_word' id='word_1_367' title='bbox 780 2959 812 2994; x_wconf 83' lang='lat' dir='ltr'>ex</span> <span class='ocrx_word' id='word_1_368' title='bbox 824 2959 877 3011; x_wconf 89' lang='lat' dir='ltr'>qno</span> <span class='ocrx_word' id='word_1_369' title='bbox 920 2949 1044 3009; x_wconf 88' lang='lat' dir='ltr'>quentem</span> <span class='ocrx_word' id='word_1_370' title='bbox 1062 2938 1148 2990; x_wconf 83' lang='lat' dir='ltr'>vicum</span> <span class='ocrx_word' id='word_1_371' title='bbox 1160 2936 1247 3001; x_wconf 84' lang='lat' dir='ltr'>babet,</span> <span class='ocrx_word' id='word_1_372' title='bbox 1260 2936 1339 2988; x_wconf 83' lang='lat' dir='ltr'>etiam</span> <span class='ocrx_word' id='word_1_373' title='bbox 1353 2952 1447 2988; x_wconf 85' lang='lat' dir='ltr'>nunna</span> <span class='ocrx_word' id='word_1_374' title='bbox 1460 2933 1537 3003; x_wconf 72' lang='lat' dir='ltr'>vulgo</span> <span class='ocrx_word' id='word_1_375' title='bbox 1548 2936 1702 2989; x_wconf 74' lang='lat' dir='ltr'>Graecorum</span> 
     </span>
     <span class='ocr_line' id='line_1_30' title="bbox 99 3014 1704 3096; baseline -0.001 -21"><span class='ocrx_word' id='word_1_376' title='bbox 99 3024 186 3092; x_wconf 83' lang='lat' dir='ltr'>paucis</span> <span class='ocrx_word' id='word_1_377' title='bbox 195 3014 875 3096; x_wconf 66' lang='lat' dir='ltr'>anresuntsettossasuntatificiorum&#39;sundamenn)</span> <span class='ocrx_word' id='word_1_378' title='bbox 921 3026 1076 3079; x_wconf 86' lang='lat' dir='ltr'>Panticlrion</span> <span class='ocrx_word' id='word_1_379' title='bbox 1098 3028 1272 3085; x_wconf 90' lang='lat' dir='ltr'>nominatum,</span> <span class='ocrx_word' id='word_1_380' title='bbox 1282 3026 1309 3076; x_wconf 93' lang='lat' dir='ltr'>in</span> <span class='ocrx_word' id='word_1_381' title='bbox 1321 3041 1375 3094; x_wconf 89' lang='lat' dir='ltr'>quo</span> <span class='ocrx_word' id='word_1_382' title='bbox 1385 3024 1486 3092; x_wconf 87' lang='lat' dir='ltr'>antiqui</span> <span class='ocrx_word' id='word_1_383' title='bbox 1498 3024 1567 3075; x_wconf 90' lang='lat' dir='ltr'>muri</span> <span class='ocrx_word' id='word_1_384' title='bbox 1584 3024 1704 3075; x_wconf 83' lang='lat' dir='ltr'>visuntur</span> 
     </span>
     <span class='ocr_line' id='line_1_31' title="bbox 97 3110 1703 3182; baseline 0.001 -21"><span class='ocrx_word' id='word_1_385' title='bbox 97 3126 152 3161; x_wconf 80' lang='lat' dir='ltr'>erse</span> <span class='ocrx_word' id='word_1_386' title='bbox 175 3113 260 3179; x_wconf 89' lang='lat' dir='ltr'>potnit</span> <span class='ocrx_word' id='word_1_387' title='bbox 275 3110 341 3161; x_wconf 75' lang='lat' dir='ltr'>edes</span> <span class='ocrx_word' id='word_1_388' title='bbox 355 3110 394 3163; x_wconf 83' lang='lat' dir='ltr'>vel</span> <span class='ocrx_word' id='word_1_389' title='bbox 413 3113 485 3163; x_wconf 80' lang='lat' dir='ltr'>lovis</span> <span class='ocrx_word' id='word_1_390' title='bbox 508 3112 546 3163; x_wconf 82' lang='lat' dir='ltr'>vel</span> <span class='ocrx_word' id='word_1_391' title='bbox 570 3113 695 3182; x_wconf 90' lang='lat' dir='ltr'>Neptuni.</span> <span class='ocrx_word' id='word_1_392' title='bbox 734 3114 784 3165; x_wconf 88' lang='lat' dir='ltr'>llic</span> <span class='ocrx_word' id='word_1_393' title='bbox 804 3115 875 3166; x_wconf 89' lang='lat' dir='ltr'>sinus</span> <span class='ocrx_word' id='word_1_394' title='bbox 921 3112 995 3165; x_wconf 82' lang='lat' dir='ltr'>valde</span> <span class='ocrx_word' id='word_1_395' title='bbox 1005 3114 1101 3175; x_wconf 85' lang='lat' dir='ltr'>crassi,</span> <span class='ocrx_word' id='word_1_396' title='bbox 1114 3112 1258 3165; x_wconf 83' lang='lat' dir='ltr'>indicantes</span> <span class='ocrx_word' id='word_1_397' title='bbox 1266 3111 1330 3165; x_wconf 91' lang='lat' dir='ltr'>olim</span> <span class='ocrx_word' id='word_1_398' title='bbox 1343 3111 1380 3163; x_wconf 94' lang='lat' dir='ltr'>ibi</span> <span class='ocrx_word' id='word_1_399' title='bbox 1393 3121 1508 3163; x_wconf 87' lang='lat' dir='ltr'>castrum</span> <span class='ocrx_word' id='word_1_400' title='bbox 1523 3112 1703 3180; x_wconf 84' lang='lat' dir='ltr'>permunitnm</span> 
     </span>
     <span class='ocr_line' id='line_1_32' title="bbox 98 3192 1705 3271; baseline 0.004 -25"><span class='ocrx_word' id='word_1_401' title='bbox 98 3196 162 3246; x_wconf 85' lang='lat' dir='ltr'>titus</span> <span class='ocrx_word' id='word_1_402' title='bbox 178 3212 195 3246; x_wconf 86' lang='lat' dir='ltr'>e</span> <span class='ocrx_word' id='word_1_403' title='bbox 213 3196 320 3263; x_wconf 69' lang='lat' dir='ltr'>regione</span> <span class='ocrx_word' id='word_1_404' title='bbox 338 3196 411 3247; x_wconf 85' lang='lat' dir='ltr'>sinus</span> <span class='ocrx_word' id='word_1_405' title='bbox 432 3196 576 3266; x_wconf 79' lang='lat' dir='ltr'>Myrleani,</span> <span class='ocrx_word' id='word_1_406' title='bbox 597 3196 744 3266; x_wconf 75' lang='lat' dir='ltr'>cingitura</span> <span class='ocrx_word' id='word_1_407' title='bbox 769 3196 878 3251; x_wconf 87' lang='lat' dir='ltr'>meridie</span> <span class='ocrx_word' id='word_1_408' title='bbox 921 3210 1045 3269; x_wconf 81' lang='lat' dir='ltr'>recteque</span> <span class='ocrx_word' id='word_1_409' title='bbox 1061 3192 1483 3271; x_wconf 56' lang='lat' dir='ltr'>llnvreipsovappellatnmsnissc.</span> <span class='ocrx_word' id='word_1_410' title='bbox 1521 3195 1606 3267; x_wconf 77' lang='lat' dir='ltr'>liujus</span> <span class='ocrx_word' id='word_1_411' title='bbox 1614 3197 1705 3252; x_wconf 83' lang='lat' dir='ltr'>menri.</span> 
     </span>
    </p>
   </div>
   <div class='ocr_carea' id='block_1_5' title="bbox 95 3404 1744 5279">
    <p class='ocr_par' dir='ltr' id='par_1_8' title="bbox 95 3404 1744 4259">
     <span class='ocr_line' id='line_1_33' title="bbox 133 3404 1702 3478; baseline 0.001 -22"><span class='ocrx_word' id='word_1_412' title='bbox 133 3423 159 3473; x_wconf 89' lang='lat'>7.</span> <span class='ocrx_word' id='word_1_413' title='bbox 174 3406 274 3457; x_wconf 74' lang='lat' dir='ltr'>Ceteris</span> <span class='ocrx_word' id='word_1_414' title='bbox 283 3422 341 3475; x_wconf 81' lang='lat' dir='ltr'>quae</span> <span class='ocrx_word' id='word_1_415' title='bbox 352 3404 463 3458; x_wconf 79' lang='lat' dir='ltr'>student</span> <span class='ocrx_word' id='word_1_416' title='bbox 476 3408 590 3477; x_wconf 82' lang='lat' dir='ltr'>Cyaneas</span> <span class='ocrx_word' id='word_1_417' title='bbox 604 3408 730 3463; x_wconf 78' lang='lat' dir='ltr'>Asiaticas</span> <span class='ocrx_word' id='word_1_418' title='bbox 740 3405 776 3459; x_wconf 88' lang='lat' dir='ltr'>ad</span> <span class='ocrx_word' id='word_1_419' title='bbox 790 3411 876 3478; x_wconf 80' lang='lat' dir='ltr'>Ancy·</span> <span class='ocrx_word' id='word_1_420' title='bbox 921 3425 980 3477; x_wconf 73' lang='lat' dir='ltr'>qnae</span> <span class='ocrx_word' id='word_1_421' title='bbox 992 3408 1100 3478; x_wconf 88' lang='lat' dir='ltr'>quidem</span> <span class='ocrx_word' id='word_1_422' title='bbox 1119 3406 1244 3460; x_wconf 84' lang='lat' dir='ltr'>vocabula</span> <span class='ocrx_word' id='word_1_423' title='bbox 1261 3408 1340 3459; x_wconf 83' lang='lat' dir='ltr'>etiam</span> <span class='ocrx_word' id='word_1_424' title='bbox 1357 3406 1419 3459; x_wconf 87' lang='lat' dir='ltr'>alias</span> <span class='ocrx_word' id='word_1_425' title='bbox 1436 3404 1636 3457; x_wconf 78' lang='lat' dir='ltr'>confunduntur</span> <span class='ocrx_word' id='word_1_426' title='bbox 1648 3406 1702 3471; x_wconf 87' lang='lat' dir='ltr'>(V.</span> 
     </span>
     <span class='ocr_line' id='line_1_34' title="bbox 97 3480 1704 3558; baseline 0 -24"><span class='ocrx_word' id='word_1_427' title='bbox 97 3501 177 3535; x_wconf 78' lang='lat' dir='ltr'>raenm</span> <span class='ocrx_word' id='word_1_428' title='bbox 188 3485 398 3553; x_wconf 87' lang='lat' dir='ltr'>promontorium</span> <span class='ocrx_word' id='word_1_429' title='bbox 412 3484 574 3537; x_wconf 80' lang='lat' dir='ltr'>collocandas</span> <span class='ocrx_word' id='word_1_430' title='bbox 584 3503 649 3549; x_wconf 83' lang='lat' dir='ltr'>csse,</span> <span class='ocrx_word' id='word_1_431' title='bbox 665 3484 761 3538; x_wconf 85' lang='lat' dir='ltr'>addere</span> <span class='ocrx_word' id='word_1_432' title='bbox 775 3486 877 3555; x_wconf 80' lang='lat' dir='ltr'>Gyllius</span> <span class='ocrx_word' id='word_1_433' title='bbox 921 3487 1010 3558; x_wconf 84' lang='lat' dir='ltr'>Stepb.</span> <span class='ocrx_word' id='word_1_434' title='bbox 1025 3487 1104 3539; x_wconf 65' lang='lat' dir='ltr'>taes.</span> <span class='ocrx_word' id='word_1_435' title='bbox 1121 3504 1137 3535; x_wconf 87' lang='lat' dir='ltr'>v</span> <span class='ocrx_word' id='word_1_436' title='bbox 1162 3484 1255 3549; x_wconf 67' lang='lat' dir='ltr'>eleis).</span> <span class='ocrx_word' id='word_1_437' title='bbox 1272 3484 1340 3536; x_wconf 83' lang='lat' dir='ltr'>Fieri</span> <span class='ocrx_word' id='word_1_438' title='bbox 1355 3485 1441 3553; x_wconf 88' lang='lat' dir='ltr'>potuit</span> <span class='ocrx_word' id='word_1_439' title='bbox 1458 3492 1489 3535; x_wconf 90' lang='lat' dir='ltr'>ut</span> <span class='ocrx_word' id='word_1_440' title='bbox 1499 3480 1560 3535; x_wconf 88' lang='lat' dir='ltr'>litus</span> <span class='ocrx_word' id='word_1_441' title='bbox 1573 3482 1704 3535; x_wconf 80' lang='lat' dir='ltr'>excelsum</span> 
     </span>
     <span class='ocr_line' id='line_1_35' title="bbox 97 3559 1703 3634; baseline -0.001 -21"><span class='ocrx_word' id='word_1_442' title='bbox 97 3564 181 3631; x_wconf 91' lang='lat' dir='ltr'>potuit</span> <span class='ocrx_word' id='word_1_443' title='bbox 196 3563 287 3630; x_wconf 73' lang='lat' dir='ltr'>viginti</span> <span class='ocrx_word' id='word_1_444' title='bbox 306 3562 449 3615; x_wconf 86' lang='lat' dir='ltr'>stadiorum</span> <span class='ocrx_word' id='word_1_445' title='bbox 463 3561 611 3615; x_wconf 86' lang='lat' dir='ltr'>distantiam</span> <span class='ocrx_word' id='word_1_446' title='bbox 630 3564 726 3633; x_wconf 80' lang='lat' dir='ltr'>quael)</span> <span class='ocrx_word' id='word_1_447' title='bbox 744 3565 878 3634; x_wconf 81' lang='lat' dir='ltr'>Europaeis</span> <span class='ocrx_word' id='word_1_448' title='bbox 921 3575 947 3617; x_wconf 91' lang='lat' dir='ltr'>et</span> <span class='ocrx_word' id='word_1_449' title='bbox 959 3564 1090 3617; x_wconf 87' lang='lat' dir='ltr'>abscisum</span> <span class='ocrx_word' id='word_1_450' title='bbox 1111 3562 1242 3614; x_wconf 84' lang='lat' dir='ltr'>diceretur</span> <span class='ocrx_word' id='word_1_451' title='bbox 1264 3560 1428 3628; x_wconf 60' lang='lat' dir='ltr'>llavrrlptou</span> <span class='ocrx_word' id='word_1_452' title='bbox 1449 3570 1476 3611; x_wconf 92' lang='lat' dir='ltr'>at</span> <span class='ocrx_word' id='word_1_453' title='bbox 1489 3560 1544 3629; x_wconf 91' lang='lat' dir='ltr'>ipse</span> <span class='ocrx_word' id='word_1_454' title='bbox 1560 3559 1661 3630; x_wconf 80' lang='lat' dir='ltr'>Gyllins</span> <span class='ocrx_word' id='word_1_455' title='bbox 1674 3562 1703 3611; x_wconf 90' lang='lat' dir='ltr'>in</span> 
     </span>
     <span class='ocr_line' id='line_1_36' title="bbox 96 3636 1704 3711; baseline -0.001 -20"><span class='ocrx_word' id='word_1_456' title='bbox 96 3641 207 3709; x_wconf 61' lang='lat' dir='ltr'>Cyaneis</span> <span class='ocrx_word' id='word_1_457' title='bbox 221 3642 333 3710; x_wconf 84' lang='lat' dir='ltr'>separari</span> <span class='ocrx_word' id='word_1_458' title='bbox 349 3642 468 3693; x_wconf 72' lang='lat' dir='ltr'>Asiaticae</span> <span class='ocrx_word' id='word_1_459' title='bbox 488 3640 622 3695; x_wconf 89' lang='lat' dir='ltr'>dicuntur.</span> <span class='ocrx_word' id='word_1_460' title='bbox 638 3643 700 3695; x_wconf 80' lang='lat' dir='ltr'>llaec</span> <span class='ocrx_word' id='word_1_461' title='bbox 713 3644 784 3693; x_wconf 88' lang='lat' dir='ltr'>enim</span> <span class='ocrx_word' id='word_1_462' title='bbox 807 3652 877 3695; x_wconf 87' lang='lat' dir='ltr'>recte</span> <span class='ocrx_word' id='word_1_463' title='bbox 921 3658 994 3711; x_wconf 88' lang='lat' dir='ltr'>seqq.</span> <span class='ocrx_word' id='word_1_464' title='bbox 1007 3639 1042 3692; x_wconf 82' lang='lat' dir='ltr'>de</span> <span class='ocrx_word' id='word_1_465' title='bbox 1054 3639 1190 3693; x_wconf 87' lang='lat' dir='ltr'>Pantichio</span> <span class='ocrx_word' id='word_1_466' title='bbox 1206 3640 1241 3691; x_wconf 87' lang='lat' dir='ltr'>ita</span> <span class='ocrx_word' id='word_1_467' title='bbox 1255 3638 1371 3707; x_wconf 89' lang='lat' dir='ltr'>loquitur</span> <span class='ocrx_word' id='word_1_468' title='bbox 1383 3647 1412 3689; x_wconf 91' lang='lat' dir='ltr'>ut</span> <span class='ocrx_word' id='word_1_469' title='bbox 1424 3654 1479 3689; x_wconf 91' lang='lat' dir='ltr'>non</span> <span class='ocrx_word' id='word_1_470' title='bbox 1497 3636 1575 3701; x_wconf 91' lang='lat' dir='ltr'>litus,</span> <span class='ocrx_word' id='word_1_471' title='bbox 1589 3636 1634 3690; x_wconf 91' lang='lat' dir='ltr'>sed</span> <span class='ocrx_word' id='word_1_472' title='bbox 1647 3656 1704 3691; x_wconf 88' lang='lat' dir='ltr'>cer·</span> 
     </span>
     <span class='ocr_line' id='line_1_37' title="bbox 96 3715 1703 3789; baseline 0 -22"><span class='ocrx_word' id='word_1_473' title='bbox 96 3726 265 3786; x_wconf 81' lang='lat' dir='ltr'>computatur</span> <span class='ocrx_word' id='word_1_474' title='bbox 286 3717 319 3768; x_wconf 89' lang='lat' dir='ltr'>ad</span> <span class='ocrx_word' id='word_1_475' title='bbox 340 3720 495 3787; x_wconf 70' lang='lat' dir='ltr'>Ancyreum</span> <span class='ocrx_word' id='word_1_476' title='bbox 517 3721 745 3789; x_wconf 87' lang='lat' dir='ltr'>promontorium,</span> <span class='ocrx_word' id='word_1_477' title='bbox 765 3718 830 3771; x_wconf 87' lang='lat' dir='ltr'>dum</span> <span class='ocrx_word' id='word_1_478' title='bbox 844 3718 878 3771; x_wconf 86' lang='lat' dir='ltr'>ad</span> <span class='ocrx_word' id='word_1_479' title='bbox 922 3729 979 3771; x_wconf 88' lang='lat' dir='ltr'>turn</span> <span class='ocrx_word' id='word_1_480' title='bbox 994 3716 1126 3787; x_wconf 81' lang='lat' dir='ltr'>quendam</span> <span class='ocrx_word' id='word_1_481' title='bbox 1141 3716 1224 3769; x_wconf 89' lang='lat' dir='ltr'>litoris</span> <span class='ocrx_word' id='word_1_482' title='bbox 1241 3715 1328 3768; x_wconf 90' lang='lat' dir='ltr'>locum</span> <span class='ocrx_word' id='word_1_483' title='bbox 1349 3716 1496 3779; x_wconf 86' lang='lat' dir='ltr'>munitum,</span> <span class='ocrx_word' id='word_1_484' title='bbox 1512 3716 1623 3769; x_wconf 86' lang='lat' dir='ltr'>similem</span> <span class='ocrx_word' id='word_1_485' title='bbox 1636 3718 1703 3768; x_wconf 87' lang='lat' dir='ltr'>Pan·</span> 
     </span>
     <span class='ocr_line' id='line_1_38' title="bbox 95 3792 1705 3868; baseline 0 -23"><span class='ocrx_word' id='word_1_486' title='bbox 95 3794 218 3864; x_wconf 83' lang='lat' dir='ltr'>scopulos</span> <span class='ocrx_word' id='word_1_487' title='bbox 231 3811 314 3864; x_wconf 89' lang='lat' dir='ltr'>prope</span> <span class='ocrx_word' id='word_1_488' title='bbox 329 3795 445 3868; x_wconf 80' lang='lat' dir='ltr'>Anndoli</span> <span class='ocrx_word' id='word_1_489' title='bbox 458 3796 558 3849; x_wconf 67' lang='lat' dir='ltr'>tutent</span> <span class='ocrx_word' id='word_1_490' title='bbox 568 3799 631 3849; x_wconf 87' lang='lat' dir='ltr'>sitos</span> <span class='ocrx_word' id='word_1_491' title='bbox 650 3798 754 3849; x_wconf 91' lang='lat' dir='ltr'>nonnisi</span> <span class='ocrx_word' id='word_1_492' title='bbox 766 3808 877 3867; x_wconf 90' lang='lat' dir='ltr'>septem·</span> <span class='ocrx_word' id='word_1_493' title='bbox 922 3797 1003 3849; x_wconf 87' lang='lat' dir='ltr'>ticbin</span> <span class='ocrx_word' id='word_1_494' title='bbox 1017 3798 1085 3851; x_wconf 85' lang='lat' dir='ltr'>inter</span> <span class='ocrx_word' id='word_1_495' title='bbox 1097 3794 1289 3848; x_wconf 80' lang='lat' dir='ltr'>chalcedonem</span> <span class='ocrx_word' id='word_1_496' title='bbox 1303 3804 1331 3846; x_wconf 91' lang='lat' dir='ltr'>et</span> <span class='ocrx_word' id='word_1_497' title='bbox 1345 3792 1525 3846; x_wconf 85' lang='lat' dir='ltr'>Nicomediam</span> <span class='ocrx_word' id='word_1_498' title='bbox 1545 3796 1614 3857; x_wconf 89' lang='lat' dir='ltr'>sito,</span> <span class='ocrx_word' id='word_1_499' title='bbox 1629 3794 1705 3846; x_wconf 87' lang='lat' dir='ltr'>intel·</span> 
     </span>
     <span class='ocr_line' id='line_1_39' title="bbox 96 3870 1703 3946; baseline -0.001 -21"><span class='ocrx_word' id='word_1_500' title='bbox 96 3872 181 3925; x_wconf 89' lang='lat' dir='ltr'>decim</span> <span class='ocrx_word' id='word_1_501' title='bbox 196 3872 352 3925; x_wconf 85' lang='lat' dir='ltr'>suntstadia</span> <span class='ocrx_word' id='word_1_502' title='bbox 370 3890 376 3925; x_wconf 94' lang='lat'><strong>:</strong></span> <span class='ocrx_word' id='word_1_503' title='bbox 394 3873 461 3925; x_wconf 86' lang='lat' dir='ltr'>adeo</span> <span class='ocrx_word' id='word_1_504' title='bbox 479 3884 508 3927; x_wconf 94' lang='lat' dir='ltr'>ut</span> <span class='ocrx_word' id='word_1_505' title='bbox 526 3874 634 3945; x_wconf 72' lang='lat' dir='ltr'>Cyanee</span> <span class='ocrx_word' id='word_1_506' title='bbox 649 3874 728 3927; x_wconf 80' lang='lat' dir='ltr'>luisse</span> <span class='ocrx_word' id='word_1_507' title='bbox 742 3874 879 3927; x_wconf 82' lang='lat' dir='ltr'>videantur</span> <span class='ocrx_word' id='word_1_508' title='bbox 922 3875 1014 3928; x_wconf 75' lang='lat' dir='ltr'>lesisse</span> <span class='ocrx_word' id='word_1_509' title='bbox 1041 3885 1173 3946; x_wconf 86' lang='lat' dir='ltr'>appareat.</span> <span class='ocrx_word' id='word_1_510' title='bbox 1197 3873 1248 3926; x_wconf 91' lang='lat' dir='ltr'>Sed</span> <span class='ocrx_word' id='word_1_511' title='bbox 1271 3890 1305 3925; x_wconf 90' lang='lat' dir='ltr'>ne</span> <span class='ocrx_word' id='word_1_512' title='bbox 1326 3882 1464 3943; x_wconf 85' lang='lat' dir='ltr'>propterea</span> <span class='ocrx_word' id='word_1_513' title='bbox 1485 3872 1564 3924; x_wconf 88' lang='lat' dir='ltr'>scribi</span> <span class='ocrx_word' id='word_1_514' title='bbox 1583 3870 1703 3941; x_wconf 86' lang='lat' dir='ltr'>jubeas:</span> 
     </span>
     <span class='ocr_line' id='line_1_40' title="bbox 96 3951 1706 4025; baseline 0.001 -24"><span class='ocrx_word' id='word_1_515' title='bbox 96 3962 364 4021; x_wconf 84' lang='lat' dir='ltr'>autquattuorcautes</span> <span class='ocrx_word' id='word_1_516' title='bbox 371 3954 547 4025; x_wconf 79' lang='lat' dir='ltr'>minoresrupi</span> <span class='ocrx_word' id='word_1_517' title='bbox 557 3954 685 4017; x_wconf 72' lang='lat' dir='ltr'>rotunde,</span> <span class='ocrx_word' id='word_1_518' title='bbox 695 3954 878 4022; x_wconf 80' lang='lat' dir='ltr'>quamlledeae</span> <span class='ocrx_word' id='word_1_519' title='bbox 923 3954 989 4007; x_wconf 83' lang='lat' dir='ltr'>litus</span> <span class='ocrx_word' id='word_1_520' title='bbox 1002 3954 1044 4023; x_wconf 80' lang='lat' dir='ltr'>[et</span> <span class='ocrx_word' id='word_1_521' title='bbox 1055 3954 1139 4005; x_wconf 76' lang='lat' dir='ltr'>ineram</span> <span class='ocrx_word' id='word_1_522' title='bbox 1147 3955 1169 4023; x_wconf 88' lang='lat'>],</span> <span class='ocrx_word' id='word_1_523' title='bbox 1182 3952 1226 4005; x_wconf 86' lang='lat' dir='ltr'>cui</span> <span class='ocrx_word' id='word_1_524' title='bbox 1239 3970 1328 4005; x_wconf 80' lang='lat' dir='ltr'>nomen</span> <span class='ocrx_word' id='word_1_525' title='bbox 1340 3951 1547 4020; x_wconf 74' lang='grc' dir='ltr'>Παιτεῐχιονς</span> <span class='ocrx_word' id='word_1_526' title='bbox 1562 3968 1623 4003; x_wconf 84' lang='lat' dir='ltr'>nant</span> <span class='ocrx_word' id='word_1_527' title='bbox 1638 3953 1706 4003; x_wconf 87' lang='lat' dir='ltr'>Pan·</span> 
     </span>
     <span class='ocr_line' id='line_1_41' title="bbox 96 4028 1705 4101; baseline -0.001 -21"><span class='ocrx_word' id='word_1_528' title='bbox 96 4031 191 4081; x_wconf 88' lang='lat' dir='ltr'>turrim</span> <span class='ocrx_word' id='word_1_529' title='bbox 202 4028 383 4100; x_wconf 76' lang='lat' dir='ltr'>Gylliusdicit,</span> <span class='ocrx_word' id='word_1_530' title='bbox 393 4028 538 4099; x_wconf 89' lang='lat' dir='ltr'>adjacentes</span> <span class='ocrx_word' id='word_1_531' title='bbox 547 4048 607 4083; x_wconf 91' lang='lat' dir='ltr'>curn</span> <span class='ocrx_word' id='word_1_532' title='bbox 615 4048 698 4100; x_wconf 84' lang='lat' dir='ltr'>eaque</span> <span class='ocrx_word' id='word_1_533' title='bbox 709 4032 735 4083; x_wconf 90' lang='lat' dir='ltr'>in</span> <span class='ocrx_word' id='word_1_534' title='bbox 745 4030 879 4101; x_wconf 76' lang='lat' dir='ltr'>profundo</span> <span class='ocrx_word' id='word_1_535' title='bbox 923 4032 1033 4085; x_wconf 80' lang='lat' dir='ltr'>ticltium</span> <span class='ocrx_word' id='word_1_536' title='bbox 1049 4031 1111 4084; x_wconf 86' lang='lat' dir='ltr'>litus</span> <span class='ocrx_word' id='word_1_537' title='bbox 1135 4030 1234 4083; x_wconf 88' lang='lat' dir='ltr'>dicitur</span> <span class='ocrx_word' id='word_1_538' title='bbox 1252 4048 1302 4101; x_wconf 91' lang='lat' dir='ltr'>pro</span> <span class='ocrx_word' id='word_1_539' title='bbox 1326 4029 1402 4081; x_wconf 84' lang='lat' dir='ltr'>litore</span> <span class='ocrx_word' id='word_1_540' title='bbox 1415 4028 1565 4089; x_wconf 78' lang='lat' dir='ltr'>Pantielii,</span> <span class='ocrx_word' id='word_1_541' title='bbox 1590 4029 1657 4081; x_wconf 89' lang='lat' dir='ltr'>sicut</span> <span class='ocrx_word' id='word_1_542' title='bbox 1677 4029 1705 4079; x_wconf 91' lang='lat' dir='ltr'>in</span> 
     </span>
     <span class='ocr_line' id='line_1_42' title="bbox 96 4106 1744 4181; baseline -0.003 -20"><span class='ocrx_word' id='word_1_543' title='bbox 96 4110 258 4177; x_wconf 70' lang='lat' dir='ltr'>conjuncte,</span> <span class='ocrx_word' id='word_1_544' title='bbox 275 4122 321 4161; x_wconf 88' lang='lat' dir='ltr'>aut</span> <span class='ocrx_word' id='word_1_545' title='bbox 333 4108 383 4161; x_wconf 87' lang='lat' dir='ltr'>alia</span> <span class='ocrx_word' id='word_1_546' title='bbox 399 4128 459 4161; x_wconf 79' lang='lat' dir='ltr'>saxa</span> <span class='ocrx_word' id='word_1_547' title='bbox 472 4128 503 4161; x_wconf 79' lang='lat' dir='ltr'>ct</span> <span class='ocrx_word' id='word_1_548' title='bbox 517 4111 634 4179; x_wconf 85' lang='lat' dir='ltr'>quinque</span> <span class='ocrx_word' id='word_1_549' title='bbox 650 4110 698 4161; x_wconf 86' lang='lat' dir='ltr'>illis</span> <span class='ocrx_word' id='word_1_550' title='bbox 709 4110 808 4179; x_wconf 75' lang='lat' dir='ltr'>tquaead</span> <span class='ocrx_word' id='word_1_551' title='bbox 824 4114 879 4165; x_wconf 81' lang='lat' dir='ltr'>An·</span> <span class='ocrx_word' id='word_1_552' title='bbox 924 4111 956 4164; x_wconf 87' lang='lat' dir='ltr'>lr.</span> <span class='ocrx_word' id='word_1_553' title='bbox 970 4112 1004 4164; x_wconf 73' lang='lat' dir='ltr'>So</span> <span class='ocrx_word' id='word_1_554' title='bbox 1015 4128 1043 4181; x_wconf 82' lang='lat' dir='ltr'>p.</span> <span class='ocrx_word' id='word_1_555' title='bbox 1062 4110 1110 4163; x_wconf 79' lang='lat'>155</span> <span class='ocrx_word' id='word_1_556' title='bbox 1132 4110 1205 4163; x_wconf 88' lang='lat' dir='ltr'>littus</span> <span class='ocrx_word' id='word_1_557' title='bbox 1224 4110 1332 4177; x_wconf 72' lang='lat' dir='ltr'>longum</span> <span class='ocrx_word' id='word_1_558' title='bbox 1349 4108 1457 4160; x_wconf 66' lang='lat' dir='ltr'>dicitur*</span> <span class='ocrx_word' id='word_1_559' title='bbox 1464 4119 1560 4179; x_wconf 82' lang='lat' dir='ltr'>pertus</span> <span class='ocrx_word' id='word_1_560' title='bbox 1579 4106 1704 4179; x_wconf 76' lang='lat' dir='ltr'>Ephesio·</span> <span class='ocrx_word' id='word_1_561' title='bbox 1733 4130 1744 4156; x_wconf 67' lang='grc' dir='ltr'>ι</span> 
     </span>
     <span class='ocr_line' id='line_1_43' title="bbox 96 4185 1707 4259; baseline -0.001 -20"><span class='ocrx_word' id='word_1_562' title='bbox 96 4204 211 4257; x_wconf 69' lang='lat' dir='ltr'>cyricum</span> <span class='ocrx_word' id='word_1_563' title='bbox 223 4188 433 4256; x_wconf 89' lang='lat' dir='ltr'>promontorium</span> <span class='ocrx_word' id='word_1_564' title='bbox 446 4188 472 4239; x_wconf 90' lang='lat' dir='ltr'>in</span> <span class='ocrx_word' id='word_1_565' title='bbox 485 4186 627 4240; x_wconf 82' lang='lat' dir='ltr'>llloltltiana</span> <span class='ocrx_word' id='word_1_566' title='bbox 644 4188 732 4247; x_wconf 70' lang='lat' dir='ltr'>tabule</span> <span class='ocrx_word' id='word_1_567' title='bbox 746 4198 878 4241; x_wconf 89' lang='lat' dir='ltr'>notantur.</span> <span class='ocrx_word' id='word_1_568' title='bbox 923 4190 1038 4253; x_wconf 85' lang='lat' dir='ltr'>rnm,-de</span> <span class='ocrx_word' id='word_1_569' title='bbox 1050 4198 1130 4259; x_wconf 88' lang='lat' dir='ltr'>pnrtn</span> <span class='ocrx_word' id='word_1_570' title='bbox 1143 4188 1302 4258; x_wconf 89' lang='lat' dir='ltr'>propinquo.</span> <span class='ocrx_word' id='word_1_571' title='bbox 1322 4185 1374 4239; x_wconf 86' lang='lat' dir='ltr'>Sed</span> <span class='ocrx_word' id='word_1_572' title='bbox 1385 4185 1508 4256; x_wconf 86' lang='lat' dir='ltr'>deinceps</span> <span class='ocrx_word' id='word_1_573' title='bbox 1519 4185 1590 4255; x_wconf 86' lang='lat' dir='ltr'>apud</span> <span class='ocrx_word' id='word_1_574' title='bbox 1608 4187 1707 4256; x_wconf 76' lang='lat' dir='ltr'>Diony·</span> 
     </span>
    </p>

    <p class='ocr_par' dir='ltr' id='par_1_9' title="bbox 95 4263 1708 4414">
     <span class='ocr_line' id='line_1_44' title="bbox 135 4263 1708 4338; baseline 0 -23"><span class='ocrx_word' id='word_1_575' title='bbox 135 4281 157 4315; x_wconf 95' lang='grc' dir='ltr'>ι.</span> <span class='ocrx_word' id='word_1_576' title='bbox 181 4263 257 4315; x_wconf 81' lang='lat' dir='ltr'>loris</span> <span class='ocrx_word' id='word_1_577' title='bbox 276 4266 341 4334; x_wconf 85' lang='lat' dir='ltr'>orn]</span> <span class='ocrx_word' id='word_1_578' title='bbox 357 4263 434 4315; x_wconf 83' lang='lat' dir='ltr'>Nrinc</span> <span class='ocrx_word' id='word_1_579' title='bbox 447 4274 520 4316; x_wconf 89' lang='lat' dir='ltr'>vetus</span> <span class='ocrx_word' id='word_1_580' title='bbox 539 4268 618 4318; x_wconf 89' lang='lat' dir='ltr'>turris</span> <span class='ocrx_word' id='word_1_581' title='bbox 632 4276 714 4319; x_wconf 80' lang='lat' dir='ltr'>exstat</span> <span class='ocrx_word' id='word_1_582' title='bbox 734 4268 760 4318; x_wconf 92' lang='lat' dir='ltr'>in</span> <span class='ocrx_word' id='word_1_583' title='bbox 784 4268 880 4319; x_wconf 89' lang='lat' dir='ltr'>montis</span> <span class='ocrx_word' id='word_1_584' title='bbox 922 4270 991 4321; x_wconf 88' lang='lat' dir='ltr'>sium</span> <span class='ocrx_word' id='word_1_585' title='bbox 1005 4268 1131 4338; x_wconf 86' lang='lat' dir='ltr'>scriptum</span> <span class='ocrx_word' id='word_1_586' title='bbox 1144 4265 1224 4318; x_wconf 82' lang='lat' dir='ltr'>luisse</span> <span class='ocrx_word' id='word_1_587' title='bbox 1232 4276 1308 4335; x_wconf 85' lang='lat' dir='ltr'>putes</span> <span class='ocrx_word' id='word_1_588' title='bbox 1321 4283 1327 4319; x_wconf 94' lang='lat'>:</span> <span class='ocrx_word' id='word_1_589' title='bbox 1339 4267 1383 4319; x_wconf 89' lang='lat' dir='ltr'>cui</span> <span class='ocrx_word' id='word_1_590' title='bbox 1394 4282 1491 4317; x_wconf 91' lang='lat' dir='ltr'>nomen</span> <span class='ocrx_word' id='word_1_591' title='bbox 1502 4263 1659 4333; x_wconf 72' lang='grc' dir='ltr'>Παιτείχιον,</span> <span class='ocrx_word' id='word_1_592' title='bbox 1673 4264 1708 4315; x_wconf 80' lang='lat' dir='ltr'>alr</span> 
     </span>
     <span class='ocr_line' id='line_1_45' title="bbox 95 4340 1707 4414; baseline 0.002 -23"><span class='ocrx_word' id='word_1_593' title='bbox 95 4343 191 4393; x_wconf 72' lang='lat' dir='ltr'>vertice</span> <span class='ocrx_word' id='word_1_594' title='bbox 202 4343 249 4410; x_wconf 83' lang='lat' dir='ltr'>qui</span> <span class='ocrx_word' id='word_1_595' title='bbox 262 4342 345 4393; x_wconf 82' lang='lat' dir='ltr'>Pilaw</span> <span class='ocrx_word' id='word_1_596' title='bbox 355 4344 537 4413; x_wconf 88' lang='lat' dir='ltr'>promontorio</span> <span class='ocrx_word' id='word_1_597' title='bbox 552 4344 680 4397; x_wconf 84' lang='lat' dir='ltr'>imminet.</span> <span class='ocrx_word' id='word_1_598' title='bbox 923 4346 1098 4399; x_wconf 77' lang='lat' dir='ltr'>exstnsctione</span> <span class='ocrx_word' id='word_1_599' title='bbox 1118 4344 1265 4414; x_wconf 77' lang='lat' dir='ltr'>[murenam</span> <span class='ocrx_word' id='word_1_600' title='bbox 1276 4344 1319 4413; x_wconf 84' lang='lat' dir='ltr'>et]</span> <span class='ocrx_word' id='word_1_601' title='bbox 1332 4343 1481 4409; x_wconf 76' lang='lat' dir='ltr'>serrarum,</span> <span class='ocrx_word' id='word_1_602' title='bbox 1494 4343 1619 4411; x_wconf 89' lang='lat' dir='ltr'>quoniam</span> <span class='ocrx_word' id='word_1_603' title='bbox 1633 4340 1707 4395; x_wconf 85' lang='lat' dir='ltr'>locus</span> 
     </span>
    </p>

    <p class='ocr_par' dir='ltr' id='par_1_10' title="bbox 97 4419 1709 4650">
     <span class='ocr_line' id='line_1_46' title="bbox 131 4419 1708 4493; baseline -0.004 -15"><span class='ocrx_word' id='word_1_604' title='bbox 131 4438 158 4478; x_wconf 80' lang='lat'>2.</span> <span class='ocrx_word' id='word_1_605' title='bbox 172 4421 267 4475; x_wconf 77' lang='lat' dir='ltr'>Etiam</span> <span class='ocrx_word' id='word_1_606' title='bbox 278 4440 346 4473; x_wconf 77' lang='lat' dir='ltr'>aurae</span> <span class='ocrx_word' id='word_1_607' title='bbox 366 4424 487 4493; x_wconf 83' lang='lat' dir='ltr'>Corneio]</span> <span class='ocrx_word' id='word_1_608' title='bbox 503 4422 589 4476; x_wconf 87' lang='lat' dir='ltr'>llodic</span> <span class='ocrx_word' id='word_1_609' title='bbox 613 4426 636 4476; x_wconf 86' lang='lat' dir='ltr'><em>F</em></span> <span class='ocrx_word' id='word_1_610' title='bbox 637 4422 658 4475; x_wconf 90' lang='lat' dir='ltr'>il</span> <span class='ocrx_word' id='word_1_611' title='bbox 670 4428 788 4475; x_wconf 77' lang='lat' dir='ltr'>llorsrmu</span> <span class='ocrx_word' id='word_1_612' title='bbox 803 4426 814 4491; x_wconf 96' lang='lat'>(</span> <span class='ocrx_word' id='word_1_613' title='bbox 822 4425 839 4477; x_wconf 91' lang='lat' dir='ltr'>i.</span> <span class='ocrx_word' id='word_1_614' title='bbox 854 4442 878 4475; x_wconf 90' lang='lat' dir='ltr'>e.</span> <span class='ocrx_word' id='word_1_615' title='bbox 924 4425 1082 4493; x_wconf 77' lang='grc' dir='ltr'>Παντείχιον,</span> <span class='ocrx_word' id='word_1_616' title='bbox 1094 4441 1148 4475; x_wconf 91' lang='lat' dir='ltr'>non</span> <span class='ocrx_word' id='word_1_617' title='bbox 1162 4441 1225 4475; x_wconf 86' lang='lat' dir='ltr'>vcro</span> <span class='ocrx_word' id='word_1_618' title='bbox 1233 4422 1397 4491; x_wconf 76' lang='grc' dir='ltr'>Παντάφριον,</span> <span class='ocrx_word' id='word_1_619' title='bbox 1413 4419 1501 4473; x_wconf 87' lang='lat' dir='ltr'>dictus</span> <span class='ocrx_word' id='word_1_620' title='bbox 1513 4424 1602 4488; x_wconf 69' lang='grc' dir='ltr'>τειχῶν</span> <span class='ocrx_word' id='word_1_621' title='bbox 1620 4420 1708 4490; x_wconf 88' lang='lat' dir='ltr'>potius</span> 
     </span>
     <span class='ocr_line' id='line_1_47' title="bbox 97 4498 1709 4573; baseline 0 -24"><span class='ocrx_word' id='word_1_622' title='bbox 97 4498 241 4568; x_wconf 74' lang='lat' dir='ltr'>dephantis</span> <span class='ocrx_word' id='word_1_623' title='bbox 260 4500 469 4570; x_wconf 88' lang='lat' dir='ltr'>promontorio),</span> <span class='ocrx_word' id='word_1_624' title='bbox 493 4502 519 4552; x_wconf 91' lang='lat' dir='ltr'>in</span> <span class='ocrx_word' id='word_1_625' title='bbox 533 4518 588 4570; x_wconf 90' lang='lat' dir='ltr'>qno</span> <span class='ocrx_word' id='word_1_626' title='bbox 601 4500 726 4555; x_wconf 88' lang='lat' dir='ltr'>tredecim</span> <span class='ocrx_word' id='word_1_627' title='bbox 751 4512 880 4556; x_wconf 83' lang='lat' dir='ltr'>tormenta</span> <span class='ocrx_word' id='word_1_628' title='bbox 925 4520 1004 4573; x_wconf 86' lang='lat' dir='ltr'>quarn</span> <span class='ocrx_word' id='word_1_629' title='bbox 1016 4503 1112 4571; x_wconf 66' lang='lat' dir='ltr'>repperi</span> <span class='ocrx_word' id='word_1_630' title='bbox 1131 4500 1292 4553; x_wconf 83' lang='lat' dir='ltr'>mentionem</span> <span class='ocrx_word' id='word_1_631' title='bbox 1306 4498 1431 4567; x_wconf 82' lang='lat' dir='ltr'>requirat.</span> <span class='ocrx_word' id='word_1_632' title='bbox 1445 4498 1514 4549; x_wconf 82' lang='lat' dir='ltr'>Fieri</span> <span class='ocrx_word' id='word_1_633' title='bbox 1527 4498 1605 4551; x_wconf 80' lang='lat' dir='ltr'>erim</span> <span class='ocrx_word' id='word_1_634' title='bbox 1622 4508 1709 4569; x_wconf 83' lang='lat' dir='ltr'>potest</span> 
     </span>
     <span class='ocr_line' id='line_1_48' title="bbox 98 4575 1707 4650; baseline -0.001 -21"><span class='ocrx_word' id='word_1_635' title='bbox 98 4576 189 4629; x_wconf 80' lang='lat' dir='ltr'>bellica</span> <span class='ocrx_word' id='word_1_636' title='bbox 199 4578 287 4647; x_wconf 87' lang='lat' dir='ltr'>posita</span> <span class='ocrx_word' id='word_1_637' title='bbox 301 4590 372 4633; x_wconf 88' lang='lat' dir='ltr'>sunt.</span> <span class='ocrx_word' id='word_1_638' title='bbox 399 4594 402 4601; x_wconf 95' lang='grc'><strong><em>·</em></strong></span> <span class='ocrx_word' id='word_1_639' title='bbox 926 4593 954 4635; x_wconf 90' lang='lat' dir='ltr'>ut</span> <span class='ocrx_word' id='word_1_640' title='bbox 968 4579 1041 4650; x_wconf 88' lang='lat' dir='ltr'>qnod</span> <span class='ocrx_word' id='word_1_641' title='bbox 1050 4579 1151 4650; x_wconf 85' lang='lat' dir='ltr'>Gyllius</span> <span class='ocrx_word' id='word_1_642' title='bbox 1164 4576 1269 4645; x_wconf 79' lang='lat' dir='ltr'>legebat</span> <span class='ocrx_word' id='word_1_643' title='bbox 1276 4578 1372 4646; x_wconf 50' lang='grc' dir='ltr'>τάφρων</span> <span class='ocrx_word' id='word_1_644' title='bbox 1382 4577 1409 4627; x_wconf 92' lang='lat' dir='ltr'>in</span> <span class='ocrx_word' id='word_1_645' title='bbox 1421 4579 1510 4644; x_wconf 79' lang='grc' dir='ltr'>τιιχῶι</span> <span class='ocrx_word' id='word_1_646' title='bbox 1522 4575 1707 4643; x_wconf 73' lang='lat' dir='ltr'>corrigendum</span> 
     </span>
    </p>

    <p class='ocr_par' dir='ltr' id='par_1_11' title="bbox 100 4654 1709 4808">
     <span class='ocr_line' id='line_1_49' title="bbox 135 4654 1707 4729; baseline -0.001 -22"><span class='ocrx_word' id='word_1_647' title='bbox 135 4658 160 4707; x_wconf 83' lang='lat'>3.</span> <span class='ocrx_word' id='word_1_648' title='bbox 185 4658 250 4707; x_wconf 82' lang='lat' dir='ltr'>Tam</span> <span class='ocrx_word' id='word_1_649' title='bbox 273 4668 413 4723; x_wconf 67' lang='lat' dir='ltr'>caprearum</span> <span class='ocrx_word' id='word_1_650' title='bbox 423 4654 482 4724; x_wconf 82' lang='lat' dir='ltr'>fers</span> <span class='ocrx_word' id='word_1_651' title='bbox 501 4675 579 4727; x_wconf 81' lang='lat' dir='ltr'>qnam</span> <span class='ocrx_word' id='word_1_652' title='bbox 600 4669 667 4710; x_wconf 78' lang='lat' dir='ltr'>inter</span> <span class='ocrx_word' id='word_1_653' title='bbox 680 4658 772 4729; x_wconf 80' lang='lat' dir='ltr'>Furta]</span> <span class='ocrx_word' id='word_1_654' title='bbox 789 4660 820 4711; x_wconf 92' lang='lat' dir='ltr'>ln</span> <span class='ocrx_word' id='word_1_655' title='bbox 835 4678 880 4711; x_wconf 89' lang='lat' dir='ltr'>no·</span> <span class='ocrx_word' id='word_1_656' title='bbox 925 4667 1000 4713; x_wconf 82' lang='lat' dir='ltr'>esset.</span> <span class='ocrx_word' id='word_1_657' title='bbox 1014 4661 1092 4710; x_wconf 91' lang='lat' dir='ltr'>Nunc</span> <span class='ocrx_word' id='word_1_658' title='bbox 1109 4659 1135 4709; x_wconf 90' lang='lat' dir='ltr'>in</span> <span class='ocrx_word' id='word_1_659' title='bbox 1154 4657 1205 4708; x_wconf 82' lang='lat' dir='ltr'>ltoc</span> <span class='ocrx_word' id='word_1_660' title='bbox 1221 4656 1297 4708; x_wconf 86' lang='lat' dir='ltr'>litore</span> <span class='ocrx_word' id='word_1_661' title='bbox 1314 4665 1397 4707; x_wconf 83' lang='lat' dir='ltr'>exstat</span> <span class='ocrx_word' id='word_1_662' title='bbox 1421 4664 1493 4705; x_wconf 87' lang='lat' dir='ltr'>vetus</span> <span class='ocrx_word' id='word_1_663' title='bbox 1507 4656 1707 4715; x_wconf 86' lang='lat' dir='ltr'>monasterinm,</span> 
     </span>
     <span class='ocr_line' id='line_1_50' title="bbox 100 4730 1709 4808; baseline -0.002 -23"><span class='ocrx_word' id='word_1_664' title='bbox 100 4734 210 4787; x_wconf 85' lang='lat' dir='ltr'>rissimls</span> <span class='ocrx_word' id='word_1_665' title='bbox 222 4734 317 4787; x_wconf 87' lang='lat' dir='ltr'>tabulis</span> <span class='ocrx_word' id='word_1_666' title='bbox 328 4734 423 4787; x_wconf 79' lang='lat' dir='ltr'>fretum</span> <span class='ocrx_word' id='word_1_667' title='bbox 437 4746 476 4787; x_wconf 85' lang='lat' dir='ltr'>est</span> <span class='ocrx_word' id='word_1_668' title='bbox 486 4746 584 4806; x_wconf 87' lang='lat' dir='ltr'>septem</span> <span class='ocrx_word' id='word_1_669' title='bbox 596 4736 751 4790; x_wconf 88' lang='lat' dir='ltr'>stadiorum.</span> <span class='ocrx_word' id='word_1_670' title='bbox 925 4736 998 4808; x_wconf 88' lang='lat' dir='ltr'>quod</span> <span class='ocrx_word' id='word_1_671' title='bbox 1017 4736 1134 4788; x_wconf 71' lang='lat' dir='ltr'>Snnl&#39;sou</span> <span class='ocrx_word' id='word_1_672' title='bbox 1156 4744 1259 4786; x_wconf 82' lang='lat' dir='ltr'>vocant.</span> <span class='ocrx_word' id='word_1_673' title='bbox 1279 4733 1350 4785; x_wconf 87' lang='lat' dir='ltr'>Num</span> <span class='ocrx_word' id='word_1_674' title='bbox 1365 4733 1399 4782; x_wconf 77' lang='lat' dir='ltr'>in</span> <span class='ocrx_word' id='word_1_675' title='bbox 1418 4730 1511 4783; x_wconf 87' lang='lat' dir='ltr'>codem</span> <span class='ocrx_word' id='word_1_676' title='bbox 1534 4730 1591 4782; x_wconf 86' lang='lat' dir='ltr'>loco</span> <span class='ocrx_word' id='word_1_677' title='bbox 1616 4732 1709 4783; x_wconf 83' lang='lat' dir='ltr'>veteris</span> 
     </span>
    </p>

    <p class='ocr_par' dir='ltr' id='par_1_12' title="bbox 100 4811 1710 5279">
     <span class='ocr_line' id='line_1_51' title="bbox 135 4811 1475 4885; baseline -0.003 -18"><span class='ocrx_word' id='word_1_678' title='bbox 135 4816 181 4867; x_wconf 77' lang='lat' dir='ltr'>l’r.</span> <span class='ocrx_word' id='word_1_679' title='bbox 206 4814 251 4867; x_wconf 80' lang='grc'>56.</span> <span class='ocrx_word' id='word_1_680' title='bbox 269 4832 293 4867; x_wconf 89' lang='grc' dir='ltr'>ι.</span> <span class='ocrx_word' id='word_1_681' title='bbox 311 4816 406 4867; x_wconf 78' lang='lat' dir='ltr'>Latum</span> <span class='ocrx_word' id='word_1_682' title='bbox 421 4814 506 4868; x_wconf 79' lang='lat' dir='ltr'>litus..</span> <span class='ocrx_word' id='word_1_683' title='bbox 526 4814 712 4885; x_wconf 67' lang='lat' dir='ltr'>nantolium]</span> <span class='ocrx_word' id='word_1_684' title='bbox 727 4817 800 4869; x_wconf 86' lang='lat' dir='ltr'>Litus</span> <span class='ocrx_word' id='word_1_685' title='bbox 815 4816 879 4879; x_wconf 86' lang='lat' dir='ltr'>hoc,</span> <span class='ocrx_word' id='word_1_686' title='bbox 926 4816 1052 4870; x_wconf 78' lang='lat' dir='ltr'>Panticltii</span> <span class='ocrx_word' id='word_1_687' title='bbox 1064 4815 1129 4866; x_wconf 87' lang='lat' dir='ltr'>sitns</span> <span class='ocrx_word' id='word_1_688' title='bbox 1142 4811 1298 4883; x_wconf 72' lang='lat' dir='ltr'>quaerendus</span> <span class='ocrx_word' id='word_1_689' title='bbox 1310 4812 1360 4876; x_wconf 90' lang='lat' dir='ltr'>sit,</span> <span class='ocrx_word' id='word_1_690' title='bbox 1378 4812 1475 4863; x_wconf 83' lang='lat' dir='ltr'>nescio.</span> 
     </span>
     <span class='ocr_line' id='line_1_52' title="bbox 101 4886 1709 4960; baseline -0.004 -17"><span class='ocrx_word' id='word_1_691' title='bbox 101 4900 160 4943; x_wconf 88' lang='lat' dir='ltr'>octo</span> <span class='ocrx_word' id='word_1_692' title='bbox 172 4892 226 4944; x_wconf 80' lang='lat' dir='ltr'>lere</span> <span class='ocrx_word' id='word_1_693' title='bbox 239 4890 324 4943; x_wconf 86' lang='lat' dir='ltr'>stadia</span> <span class='ocrx_word' id='word_1_694' title='bbox 336 4890 467 4960; x_wconf 73' lang='lat' dir='ltr'>longuma</span> <span class='ocrx_word' id='word_1_695' title='bbox 482 4892 527 4945; x_wconf 81' lang='lat' dir='ltr'>Fi!</span> <span class='ocrx_word' id='word_1_696' title='bbox 539 4896 659 4944; x_wconf 86' lang='lat' dir='ltr'>Bnurnou</span> <span class='ocrx_word' id='word_1_697' title='bbox 673 4892 809 4945; x_wconf 79' lang='lat' dir='ltr'>meridiem</span> <span class='ocrx_word' id='word_1_698' title='bbox 825 4912 881 4945; x_wconf 83' lang='lat' dir='ltr'>ver·</span> <span class='ocrx_word' id='word_1_699' title='bbox 962 4912 988 4947; x_wconf 77' lang='lat' dir='ltr'>u.</span> <span class='ocrx_word' id='word_1_700' title='bbox 1010 4896 1050 4946; x_wconf 86' lang='lat' dir='ltr'>De</span> <span class='ocrx_word' id='word_1_701' title='bbox 1061 4893 1113 4945; x_wconf 86' lang='lat' dir='ltr'>lroo</span> <span class='ocrx_word' id='word_1_702' title='bbox 1127 4891 1261 4944; x_wconf 87' lang='lat' dir='ltr'>Pantichio</span> <span class='ocrx_word' id='word_1_703' title='bbox 1271 4889 1368 4957; x_wconf 87' lang='lat' dir='ltr'>(bodie</span> <span class='ocrx_word' id='word_1_704' title='bbox 1381 4888 1495 4949; x_wconf 76' lang='lat' dir='ltr'>Pontii,</span> <span class='ocrx_word' id='word_1_705' title='bbox 1512 4886 1626 4948; x_wconf 77' lang='lat' dir='ltr'>l&#39;nndil,</span> <span class='ocrx_word' id='word_1_706' title='bbox 1639 4890 1709 4938; x_wconf 81' lang='lat' dir='ltr'>Pnn·</span> 
     </span>
     <span class='ocr_line' id='line_1_53' title="bbox 100 4965 1707 5042; baseline -0.002 -23"><span class='ocrx_word' id='word_1_707' title='bbox 100 4986 144 5020; x_wconf 74' lang='lat' dir='ltr'>stu</span> <span class='ocrx_word' id='word_1_708' title='bbox 156 4971 272 5041; x_wconf 67' lang='lat' dir='ltr'>pertim</span> <span class='ocrx_word' id='word_1_709' title='bbox 294 4969 429 5041; x_wconf 86' lang='lat' dir='ltr'>usquead</span> <span class='ocrx_word' id='word_1_710' title='bbox 454 4970 665 5023; x_wconf 64' lang='lat' dir='ltr'>hericii-limen</span> <span class='ocrx_word' id='word_1_711' title='bbox 686 4970 796 5041; x_wconf 82' lang='lat' dir='ltr'>(Chelas</span> <span class='ocrx_word' id='word_1_712' title='bbox 811 4971 882 5042; x_wconf 86' lang='lat' dir='ltr'>apud</span> <span class='ocrx_word' id='word_1_713' title='bbox 925 4972 994 5033; x_wconf 81' lang='lat' dir='ltr'>dili,</span> <span class='ocrx_word' id='word_1_714' title='bbox 1008 4971 1158 5034; x_wconf 61' lang='lat' dir='ltr'>Pcndirh.</span> <span class='ocrx_word' id='word_1_715' title='bbox 1170 4970 1232 5021; x_wconf 91' lang='lat' dir='ltr'>ltin.</span> <span class='ocrx_word' id='word_1_716' title='bbox 1250 4971 1313 5021; x_wconf 79' lang='lat' dir='ltr'>Ant.</span> <span class='ocrx_word' id='word_1_717' title='bbox 1327 4984 1354 5037; x_wconf 94' lang='lat' dir='ltr'>p.</span> <span class='ocrx_word' id='word_1_718' title='bbox 1373 4967 1591 5035; x_wconf 80' lang='lat' dir='ltr'>139,n‘lr;ltin.</span> <span class='ocrx_word' id='word_1_719' title='bbox 1605 4965 1707 5016; x_wconf 84' lang='lat' dir='ltr'>llieros.</span> 
     </span>
     <span class='ocr_line' id='line_1_54' title="bbox 101 5042 1710 5121; baseline -0.007 -18"><span class='ocrx_word' id='word_1_720' title='bbox 101 5048 283 5121; x_wconf 78' lang='lat' dir='ltr'>Dionysium).</span> <span class='ocrx_word' id='word_1_721' title='bbox 294 5053 385 5117; x_wconf 88' lang='lat' dir='ltr'>Quum</span> <span class='ocrx_word' id='word_1_722' title='bbox 399 5060 554 5103; x_wconf 84' lang='lat' dir='ltr'>saxosumct</span> <span class='ocrx_word' id='word_1_723' title='bbox 564 5060 726 5120; x_wconf 72' lang='lat' dir='ltr'>praeruptum</span> <span class='ocrx_word' id='word_1_724' title='bbox 738 5051 781 5113; x_wconf 82' lang='lat' dir='ltr'>sit,</span> <span class='ocrx_word' id='word_1_725' title='bbox 796 5052 884 5103; x_wconf 87' lang='lat' dir='ltr'>nescio</span> <span class='ocrx_word' id='word_1_726' title='bbox 927 5068 955 5121; x_wconf 88' lang='lat' dir='ltr'>p.</span> <span class='ocrx_word' id='word_1_727' title='bbox 969 5056 1039 5119; x_wconf 75' lang='lat'>5923</span> <span class='ocrx_word' id='word_1_728' title='bbox 1060 5050 1126 5102; x_wconf 85' lang='lat' dir='ltr'>Tnb.</span> <span class='ocrx_word' id='word_1_729' title='bbox 1146 5050 1234 5112; x_wconf 88' lang='lat' dir='ltr'>Pent.;</span> <span class='ocrx_word' id='word_1_730' title='bbox 1257 5048 1418 5099; x_wconf 78' lang='lat' dir='ltr'>Sornmenns</span> <span class='ocrx_word' id='word_1_731' title='bbox 1442 5060 1468 5111; x_wconf 90' lang='lat'>7,</span> <span class='ocrx_word' id='word_1_732' title='bbox 1489 5060 1538 5107; x_wconf 70' lang='grc' dir='ltr'>ιη</span> <span class='ocrx_word' id='word_1_733' title='bbox 1565 5042 1710 5113; x_wconf 80' lang='lat' dir='ltr'>Procopius</span> 
     </span>
     <span class='ocr_line' id='line_1_55' title="bbox 101 5114 1707 5201; baseline -0.004 -23"><span class='ocrx_word' id='word_1_734' title='bbox 101 5144 136 5178; x_wconf 90' lang='lat' dir='ltr'>an</span> <span class='ocrx_word' id='word_1_735' title='bbox 149 5144 199 5198; x_wconf 89' lang='lat' dir='ltr'>pro</span> <span class='ocrx_word' id='word_1_736' title='bbox 212 5128 297 5181; x_wconf 80' lang='lat' dir='ltr'>latum</span> <span class='ocrx_word' id='word_1_737' title='bbox 309 5128 375 5183; x_wconf 76' lang='lat' dir='ltr'>litus</span> <span class='ocrx_word' id='word_1_738' title='bbox 388 5129 490 5201; x_wconf 80' lang='lat' dir='ltr'>Gyllius</span> <span class='ocrx_word' id='word_1_739' title='bbox 503 5128 637 5198; x_wconf 81' lang='lat' dir='ltr'>scripserit</span> <span class='ocrx_word' id='word_1_740' title='bbox 653 5128 737 5181; x_wconf 85' lang='lat' dir='ltr'>altum</span> <span class='ocrx_word' id='word_1_741' title='bbox 756 5126 835 5189; x_wconf 78' lang='lat' dir='ltr'>litus,</span> <span class='ocrx_word' id='word_1_742' title='bbox 850 5147 882 5181; x_wconf 86' lang='lat' dir='ltr'>an</span> <span class='ocrx_word' id='word_1_743' title='bbox 928 5127 991 5180; x_wconf 86' lang='lat' dir='ltr'>Bcll.</span> <span class='ocrx_word' id='word_1_744' title='bbox 1014 5126 1096 5181; x_wconf 85' lang='lat' dir='ltr'>Gotlr.</span> <span class='ocrx_word' id='word_1_745' title='bbox 1116 5126 1147 5189; x_wconf 79' lang='lat'>3,</span> <span class='ocrx_word' id='word_1_746' title='bbox 1163 5124 1195 5176; x_wconf 81' lang='lat'>35</span> <span class='ocrx_word' id='word_1_747' title='bbox 1215 5143 1242 5195; x_wconf 87' lang='lat' dir='ltr'>p.</span> <span class='ocrx_word' id='word_1_748' title='bbox 1264 5129 1315 5193; x_wconf 56' lang='grc' dir='ltr'>[ιι]</span> <span class='ocrx_word' id='word_1_749' title='bbox 1339 5121 1381 5175; x_wconf 89' lang='lat' dir='ltr'>cd.</span> <span class='ocrx_word' id='word_1_750' title='bbox 1401 5124 1476 5175; x_wconf 87' lang='lat' dir='ltr'>Bono</span> <span class='ocrx_word' id='word_1_751' title='bbox 1491 5141 1499 5187; x_wconf 87' lang='lat'>;</span> <span class='ocrx_word' id='word_1_752' title='bbox 1519 5114 1707 5190; x_wconf 64' lang='lat' dir='ltr'>Tbeopbyltttl.</span> 
     </span>
     <span class='ocr_line' id='line_1_56' title="bbox 102 5204 1229 5279; baseline -0.005 -18"><span class='ocrx_word' id='word_1_753' title='bbox 102 5208 130 5261; x_wconf 88' lang='lat' dir='ltr'>ic</span> <span class='ocrx_word' id='word_1_754' title='bbox 143 5207 232 5276; x_wconf 72' lang='lat' dir='ltr'>grecis</span> <span class='ocrx_word' id='word_1_755' title='bbox 250 5206 316 5279; x_wconf 69' lang='grc' dir='ltr'><strong>εὐρύς</strong></span> <span class='ocrx_word' id='word_1_756' title='bbox 335 5218 460 5278; x_wconf 88' lang='lat' dir='ltr'>corrupte</span> <span class='ocrx_word' id='word_1_757' title='bbox 480 5207 606 5279; x_wconf 89' lang='lat' dir='ltr'>scriptum</span> <span class='ocrx_word' id='word_1_758' title='bbox 627 5205 705 5260; x_wconf 88' lang='lat' dir='ltr'>luerit</span> <span class='ocrx_word' id='word_1_759' title='bbox 727 5224 776 5276; x_wconf 88' lang='lat' dir='ltr'>pro</span> <span class='ocrx_word' id='word_1_760' title='bbox 795 5204 880 5267; x_wconf 66' lang='lat' dir='ltr'>aierit}</span> <span class='ocrx_word' id='word_1_761' title='bbox 930 5206 1003 5275; x_wconf 72' lang='lat' dir='ltr'>Bulp.</span> <span class='ocrx_word' id='word_1_762' title='bbox 1018 5204 1069 5258; x_wconf 84' lang='lat' dir='ltr'>vol.</span> <span class='ocrx_word' id='word_1_763' title='bbox 1085 5210 1111 5270; x_wconf 69' lang='lat' dir='ltr'>s,</span> <span class='ocrx_word' id='word_1_764' title='bbox 1126 5222 1153 5277; x_wconf 91' lang='lat' dir='ltr'>p.</span> <span class='ocrx_word' id='word_1_765' title='bbox 1168 5220 1229 5275; x_wconf 81' lang='lat'><strong>7⁰9·</strong></span> 
     </span>
    </p>
   </div>
   <div class='ocr_carea' id='block_1_6' title="bbox 0 0 1954 5925">
    <p class='ocr_par' dir='ltr' id='par_1_13' title="bbox 0 0 1954 5925">
     <span class='ocr_line' id='line_1_57' title="bbox 0 0 1954 5925; baseline 0 0"><span class='ocrx_word' id='word_1_766' title='bbox 0 0 1954 5925; x_wconf 95' lang='lat' dir='ltr'> </span> 
     </span>
    </p>
   </div>
  </div>
 </body>
</html>
