3884 5925
302 462 347 521 n
959 401 1278 517 raouseounfm'
1329 409 1333 420 ’

305 586 402 669 Ῥώμῃ
425 588 601 669 aemimonto
619 590 761 669 ῥωμαῑκῶν
784 584 829 645 nat
847 576 1010 664 ἑλληύαῶν,
1033 585 1077 646 aul
1124 588 1326 668 consequitur
1347 594 1403 656 aut
1417 588 1546 656 Hunnos
1560 587 1653 656 otiam
1669 594 1883 671 antequambi·

304 676 349 736 ἐπὶ
363 681 409 759 τῆς
422 676 541 744 παιδείας
554 676 685 759 Ἀδριανοῦ
706 676 837 735 ἐπιστελεῖ
850 680 893 733 τοῦ
909 675 987 735 αὐτοῦ
1002 676 1078 735 αὐτο·
1124 676 1219 737 storia
1227 676 1428 750 innotuerint,
1442 678 1648 756 egeographo
1655 686 1882 745 commemorari

303 764 436 845 ιράτορος.
1123 764 1277 842 potuisse,
1289 768 1369 826 auta
1384 764 1510 827 librario
1519 767 1615 827 seculi
1627 766 1727 846 quarti
1737 769 1784 830 rel
1795 772 1884 849 quinti

344 854 490 931 Superest
502 861 537 917 ut
550 852 682 914 aliorum
699 850 737 912 de
752 848 889 930 Dionysii
905 855 995 911 aetate
1010 866 1081 910 sen·
1123 850 1320 914 notissimum
1340 857 1414 915 tunc
1432 854 1616 915 Hunnorum
1636 872 1753 917 nomon
1770 857 1884 921 idalius

303 941 413 1005 tantitas
425 957 718 1003 commemoremus.
736 942 883 1001 intereos
897 937 1077 1017 longissime
1124 937 1231 1015 populi
1245 938 1349 999 locum
1364 957 1433 1000 esse
1445 940 1660 1011 substitutum,
1673 939 1820 1022 ideoque,
1830 947 1884 1009 sire

302 1046 319 1089 a
334 1026 447 1091 nostris
461 1026 631 1091 rationibus
647 1025 766 1087 recedit
779 1024 1011 1105 Bernhardyus,
1024 1023 1077 1104 qui
1122 1020 1183 1085 hoc
1194 1024 1257 1085 sive
1272 1024 1351 1087 illud
1365 1026 1527 1101 malueris,
1542 1027 1663 1090 nullum
1674 1028 1810 1108 Dionysii
1823 1032 1884 1097 loco

301 1115 494 1193 Periegetam
519 1114 679 1195 scripsisse
699 1118 805 1175 conset
820 1117 949 1175 exeunte
970 1110 1077 1173 seculo
1122 1107 1223 1171 inesse
1236 1118 1428 1199 momentum
1440 1113 1706 1192 chronologicum.

300 1204 391 1267 tertio
405 1205 453 1267 vel
467 1205 592 1267 ineunte
613 1211 734 1285 quarto.
749 1206 814 1265 Hoc
825 1221 897 1265 vero
912 1208 946 1263 ut
954 1202 1001 1266 vir
1016 1202 1077 1264 cxi·
1161 1197 1345 1262 Ammianus
1358 1201 1555 1264 Marcellinus
1566 1206 1626 1276 (at,
1639 1206 1669 1275 H,
1682 1202 1712 1279 l]
1724 1200 1756 1263 in
1769 1203 1883 1269 historia

299 1288 382 1357 mlus
397 1291 456 1352 sibi
468 1290 680 1371 persuaderet,
692 1308 756 1371 prm
770 1287 881 1351 ceteris
894 1290 1077 1351 Hunnorum
1122 1284 1196 1348 anni
1207 1288 1265 1348 375
1279 1286 1318 1347 de
1333 1285 1454 1349 Hunnis
1465 1305 1576 1365 agens,
1591 1295 1883 1367 pertenentem

299 1376 384 1457 apud
399 1377 580 1455 Dionysium
591 1374 707 1438 mentio
720 1374 850 1437 induxit.
1122 1378 1228 1435 meotis·
1241 1376 1389 1436 veteribus
1402 1378 1507 1437 leviter
1522 1382 1632 1449 notura,
1648 1394 1714 1438 uon
1727 1394 1797 1441 vero
1809 1378 1881 1456 igno·

343 1485 359 1523 n
384 1463 443 1525 Sed
471 1469 679 1539 momentum,
703 1462 820 1545 inquit,
842 1462 962 1541 praehet
980 1479 1077 1527 unum
1123 1468 1203 1535 tam,
1221 1479 1288 1525 esse
1304 1460 1391 1525 dicit.
1412 1463 1630 1526 Recentiorum
1651 1465 1792 1527 nonnulli
1811 1469 1883 1529 Hnn

298 1550 535 1615 stabilissimum
555 1552 740 1613 Hunnorum
760 1544 894 1625 mentio,
908 1566 969 1631 qua
985 1548 1077 1631 pleri·
1122 1567 1180 1610 nos
1192 1555 1364 1629 agnoscunt
1376 1550 1408 1611 in
1417 1549 1533 1612 Chunis
1548 1550 1630 1631 apud
1647 1550 1783 1615 Plinium
1793 1557 1827 1625 td,
1839 1561 1880 1628 tt,

300 1654 361 1717 que
374 1634 623 1715 defungebantur
634 1655 729 1717 opera
741 1634 866 1710 leviore,
878 1635 962 1715 quod
978 1655 1076 1715 popu·
1120 1641 1160 1698 55
1169 1637 1178 1715 l
1188 1638 1276 1716 juxta
1283 1638 1441 1703 Tocharos
1454 1636 1486 1697 in
1495 1638 1567 1699 Asia
1580 1634 1765 1716 degentibus
1777 1638 1822 1716 ll),
1834 1660 1882 1703 nec

299 1722 366 1785 lum
380 1724 419 1785 ad
432 1742 516 1787 mere
528 1724 675 1805 Caspium
685 1722 838 1785 Vitiorum
852 1722 884 1783 in
894 1720 967 1785 scdc
980 1742 1007 1784 v.
1019 1728 1077 1787 730
1122 1741 1185 1785 nou
1201 1724 1233 1785 in
1246 1724 1362 1787 Chunis
1374 1742 1453 1804 quos
1468 1725 1654 1787 Ptolemaeus
1677 1743 1774 1806 prope
1783 1728 1883 1789 Maon·

298 1809 440 1873 uiderant
451 1811 633 1891 repositum.
647 1814 685 1873 dt
699 1808 782 1873 unde
792 1856 801 1884 ,
813 1827 936 1889 quaeso,
952 1828 1077 1891 compe-
1123 1811 1196 1873 dem
1211 1812 1357 1891 paludem
1373 1813 1405 1873 iu
1419 1810 1570 1873 Sarmatia
1586 1813 1739 1890 Europaea
1754 1814 1880 1879 collocat

297 1906 383 1960 reret
396 1900 508 1960 Noster
523 1896 562 1959 de
581 1916 617 1959 ea
631 1904 736 1977 gente,
759 1914 851 1977 quam
865 1896 985 1977 primus
999 1916 1076 1959 aru·
1122 1895 1211 1969 Quod
1233 1897 1287 1978 qui
1309 1896 1500 1977 probaverit,
1525 1897 1605 1959 nihil
1627 1917 1704 1960 sane
1736 1900 1882 1963 mirabitur

298 1982 1076 2067 morequodamacceptamZouarasexhibuitCaro
1122 1982 1260 2045 medium
1269 1984 1537 2047 interistoslocum
1548 2002 1645 2065 prope
1657 1987 1880 2065 mareGaspium

298 2079 447 2149 regnante
469 2070 662 2152 provenisse,
685 2069 776 2131 bellis
797 2068 953 2147 cognitam
975 2071 1075 2153 qrrarti
1120 2071 1240 2131 Hunnis
1254 2072 1404 2149 assignari
1425 2089 1444 2134 a
1466 2072 1613 2151 Dionysio
1632 2078 1726 2135 aetate
1747 2091 1800 2133 sua
1815 2074 1881 2137 inter

298 2156 426 2220 demum
447 2156 555 2219 saeculi
574 2154 740 2237 scriptores
760 2154 958 2229 describunt,
976 2176 1076 2237 neque
1120 2155 1256 2217 Plinium
1276 2165 1307 2219 et
1327 2158 1529 2221 Ptolemaeum
1549 2156 1668 2221 medio.
1688 2157 1798 2232 Sedne
1814 2178 1880 2238 opus

296 2244 432 2323 vulgaris
453 2244 650 2325 geographiae
669 2242 815 2321 magister
829 2242 930 2322 potuit
944 2240 1003 2308 nisi
1019 2263 1076 2305 usu
1121 2243 1249 2323 quidem
1263 2250 1310 2305 est
1326 2252 1411 2310 uteo
1429 2243 1661 2323 confugiamus,
1677 2262 1748 2305 nam
1768 2246 1880 2305 Hunnos

298 2330 515 2411 longinquiore
529 2337 635 2393 notam
654 2327 761 2391 libello
781 2328 983 2407 consignare?
997 2331 1074 2391 Nam
1120 2330 1287 2410 quosdam,
1305 2332 1367 2393 sire
1388 2331 1528 2411 ejusdem
1548 2330 1656 2411 stirpis
1677 2348 1749 2394 curn
1763 2330 1801 2391 iis
1811 2350 1878 2410 quos

297 2418 483 2480 Ptolemaeus
500 2415 627 2497 quidem
653 2435 732 2497 quos
752 2415 875 2477 Chunos
898 2416 997 2487 novit,
1021 2436 1075 2479 eos
1121 2417 1250 2484 historia
1270 2416 1368 2485 norit,
1395 2419 1461 2479 sire
1487 2418 1580 2487 alius,
1606 2418 1638 2477 in
1663 2417 1787 2495 regione
1812 2418 1879 2479 iuter
1922 2479 1923 2484 ,

296 2504 337 2567 ad
359 2505 516 2585 regionem
535 2503 691 2567 transtulit
709 2503 798 2581 longe
821 2500 1071 2565 diversissimam.
1119 2505 1253 2566 Pontum
1267 2505 1420 2567 Euxinum
1435 2514 1466 2567 ot
1478 2524 1563 2566 mare
1576 2505 1722 2583 Caspium
1738 2505 1879 2581 interjecta

295 2592 351 2655 His
362 2592 475 2653 Alanos
487 2590 581 2665 adde,
595 2609 673 2671 quos
693 2590 890 2651 annotatione
902 2588 942 2650 ad
956 2609 1000 2651 rs.
1016 2594 1074 2653 308
1120 2592 1182 2669 jam
1202 2592 1350 2653 Herodoti
1371 2600 1511 2672 tempore
1537 2592 1718 2653 consedIsse
1740 2592 1831 2671 liquet
1848 2610 1879 2653 cr

294 2684 441 2744 tracmtos
459 2678 569 2741 eadem
590 2676 622 2739 in
638 2696 729 2739 causa
747 2677 862 2739 versari
877 2696 1003 2738 necesse
1016 2685 1071 2739 est.
1120 2677 1320 2757 inscriptione
1336 2678 1472 2753 Persica,
1489 2698 1559 2759 quae
1575 2679 1607 2741 ia
1621 2697 1752 2739 recensu
1767 2679 1879 2756 populo

294 2768 447 2829 Praeclare
460 2766 554 2845 igitur
564 2771 595 2827 et
608 2764 776 2827 liberaliter
788 2764 835 2841 agi
847 2770 991 2843 putamus
1001 2784 1074 2827 cum
1119 2785 1189 2827 rum
1202 2766 1304 2829 Persis
1315 2767 1527 2845 subjectorum
1536 2769 1625 2845 juxta
1637 2766 1774 2845 Suspires
1788 2770 1879 2827 Arme-

294 2854 458 2935 Dionysio,
486 2854 511 2915 si
534 2853 625 2914 tantis
650 2870 816 2931 oppressus
834 2850 956 2913 iudiciis
979 2850 1074 2912 finem
1120 2852 1180 2913 nim
1199 2852 1292 2913 otiam
1318 2855 1425 2912 Honor
1442 2853 1552 2925 hahet,
1574 2871 1654 2932 quos
1677 2870 1737 2914 non
1758 2852 1879 2913 diversos

294 2946 377 3009 tertii
393 2942 490 3006 seculi
510 2940 557 3003 vel
575 2939 701 3002 exordia
715 2938 816 3019 quarti
837 2945 929 3018 queat
944 2938 1024 3000 tueri
1038 2956 1073 3000 ac
1120 2958 1187 3002 esse
1203 2960 1220 3002 a
1235 2940 1390 3020 Scythicis
1403 2940 1617 3018 Xenophontis
1629 2941 1641 3020 (
1651 2938 1747 3002 Anah.
1763 2943 1792 3012 t,
1807 2942 1832 3011 t,
1845 2938 1875 3018 8l

294 3033 453 3117 propriam
468 3035 590 3092 aetatem
605 3027 756 3091 obtinere.
770 3049 785 3084 n
1119 3046 1192 3092 cum
1220 3028 1367 3090 Lassenio
1406 3035 1512 3090 censet
1546 3029 1682 3090 ltittcrus
1711 3028 1878 3103 tardando

335 3121 409 3180 Haec
435 3117 529 3196 igitur
561 3113 711 3193 temporis
738 3111 853 3175 notatio
876 3112 982 3174 nititur
1005 3110 1073 3174 loco
1119 3120 1194 3176 tom.
1208 3118 1238 3188 8,
1255 3134 1286 3195 p.
1303 3119 1341 3176 aa
1356 3114 1450 3194 sqqd.
1465 3113 1526 3175 Sed
1539 3114 1607 3175 haec
1619 3132 1744 3194 quoque
1757 3111 1878 3192 egoqui·

293 3207 420 3269 Zonarm
436 3207 506 3282 (tt,
529 3205 580 3274 20,
599 3206 677 3262 tom.
693 3205 722 3274 l,
747 3221 778 3280 p.
795 3203 853 3262 638
868 3197 1003 3275 Boon),
1019 3198 1072 3259 ubi
1118 3203 1191 3265 dem
1207 3202 1303 3264 misse
1314 3202 1458 3275 fecerim,
1473 3208 1506 3267 et
1525 3202 1565 3264 ad
1586 3203 1647 3262 hoc
1659 3201 1760 3280 potius
1777 3199 1877 3262 attendi

293 3295 390 3356 Carus
410 3291 580 3372 imperator
596 3287 768 3350 secundum
791 3282 958 3346 nonnullos
976 3284 1008 3344 in
1023 3303 1074 3345 ex·
1117 3291 1227 3363 uelim,
1245 3288 1329 3369 quod
1340 3295 1448 3366 gentes
1463 3288 1558 3350 maris
1571 3289 1673 3368 Caspii
1684 3287 1794 3350 accolae
1807 3285 1876 3366 apud

296 3378 454 3459 peditione
469 3375 611 3448 Hunnica
625 3373 747 3436 occisus
762 3391 830 3433 esse
846 3370 988 3451 proditur
1002 3371 1070 3448 (au.
1117 3376 1298 3456 Dionysium
1309 3374 1420 3438 codem
1430 3375 1525 3438 modo
1535 3375 1741 3456 disponuntur
1748 3392 1806 3456 quo
1816 3373 1877 3436 inde

293 3469 364 3542 283,
381 3485 411 3546 p.
433 3465 497 3542 (1.),
513 3462 589 3525 dum
605 3460 786 3539 Eutropius,
807 3459 947 3532 Orosius,
964 3459 1073 3520 Sextus
1118 3462 1158 3524 ab
1172 3462 1384 3542 Eratosthene
1398 3463 1536 3524 ordinari
1560 3463 1717 3538 solebant,
1733 3461 1790 3523 nisi
1806 3460 1876 3541 quod

292 3555 402 3628 Rulus,
417 3549 570 3629 Vopiscus
583 3553 614 3608 et
625 3545 691 3627 ipse
703 3547 836 3607 Zonaras
851 3546 1072 3623 imperatorem
1118 3549 1445 3628 DionysiusOVuoocvel
1456 3546 1876 3616 Odwomexhibeteolocouh‘

291 3643 326 3706 in
338 3639 533 3719 expeditione
546 3641 653 3698 contra
667 3637 775 3696 Perses
793 3634 855 3696 sive
875 3633 1006 3693 Parthos
1020 3651 1073 3694 oc·
1118 3635 1213 3698 ceteri
1225 3633 1393 3716 geographi
1402 3633 1650 3701 habentOdcton
1659 3634 1794 3713 (sta-ahot,
1807 3633 1877 3693 ditor

292 3707 436 3790 cubuisse
450 3742 511 3787 uno
525 3742 578 3785 ore
589 3722 754 3784 affirmant.
767 3723 918 3782 Jamvero
930 3719 954 3780 si
968 3719 1072 3782 seculo
1117 3723 1245 3799 Scottus
1261 3721 1353 3802 (Vah.
1371 3720 1491 3804 Peut.),
1507 3724 1630 3782 Puteum
1646 3722 1726 3800 (tut.
1742 3723 1873 3794 Honori,

289 3809 480 3876 duodecimo
500 3813 633 3872 Zonaras
651 3807 682 3868 in
703 3807 865 3869 annalibus
885 3804 1072 3885 quibusdam
1117 3806 1206 3874 θῦδας
1220 3807 1336 3883 (rot),
1348 3809 1461 3868 Udtcos
1471 3809 1599 3886 Scottus
1608 3808 1715 3890 (Varro
1724 3825 1772 3886 ap.
1785 3806 1874 3880 Plio).

290 3901 420 3962 Hunnos
435 3898 466 3958 in
480 3897 644 3958 Persarum
660 3891 966 3964 locum-substitutos
984 3909 1072 3972 rcpe·
1117 3893 1196 3956 Vide
1210 3901 1273 3956 not.
1289 3895 1329 3957 ad
1347 3913 1391 3957 us.
1407 3899 1476 3969 730,
1492 3915 1524 3974 p.
1546 3899 1613 3958 tae.
1637 3895 1725 3970 Quod
1740 3891 1875 3972 reputanti

293 3986 348 4061 rit,
365 4003 458 4048 ncmo
482 3984 513 4044 in
533 3981 582 4044 his
601 4001 663 4044 nou
681 3979 820 4060 agnoscit
842 3975 999 4057 Byzantini
1015 3978 1070 4040 aevi
1118 3981 1259 4043 omnium
1280 3981 1542 4043 verisimillimum
1564 3999 1633 4042 esse
1654 3980 1877 4042 ridebitureun

288 4078 507 4135 commentum
523 4067 664 4148 ejusdem
679 4068 769 4147 plane
785 4063 916 4126 levitatis
930 4065 1071 4143 atqueil-
1117 4068 1190 4130 dem
1214 4068 1364 4149 populum
1391 4069 1569 4148 Scythicum
1596 4069 1682 4148 apud
1713 4065 1875 4145 Dionysium

292 4149 1068 4240 ludquoapudConstantinumManass.inComp.
1117 4172 1241 4236 quoque
1270 4154 1506 4233 intelligendum
1539 4151 1626 4228 esse',
1662 4161 1752 4235 atqua
1780 4152 1875 4214 0de

177 4279 188 4298 ·
293 4245 436 4308 Chronol.
463 4262 493 4325 p.
510 4248 547 4305 ta
569 4243 716 4314 Hunnos,
735 4237 809 4300 olim
827 4236 1009 4300 Sesostridis
1024 4257 1071 4300 so
1116 4241 1279 4303 alibrario
1302 4241 1398 4303 seculi
1418 4243 1519 4323 quinti
1538 4261 1596 4321 pro
1616 4241 1724 4308 οῠΔους
1743 4239 1874 4318 scriptum

294 4331 375 4404 cios,
392 4337 498 4412 postea
511 4329 641 4390 Parthos
654 4333 778 4388 vocatos
793 4343 859 4387 esso
874 4323 1003 4404 quidam
1016 4325 1071 4385 ha·
1119 4346 1203 4402 esse,
1218 4329 1267 4389 rel
1288 4327 1382 4391 etiam
1401 4329 1504 4408 ipsum
1520 4328 1703 4407 Dionysium
1717 4345 1772 4406 pro
1789 4324 1875 4385 otht-

293 4415 493 4478 riolabantur.
518 4411 608 4495 'Apud
633 4412 712 4474 lidos
727 4412 893 4492 scriptores
915 4411 1019 4472 Hunni
1039 4410 1070 4472 in
1118 4414 1874 4481 rourecodicevitiosoetcondonandolcreerrore

294 4503 482 4584 populorum
507 4499 638 4562 historia
660 4499 795 4580 primum
820 4504 969 4577 apparent
989 4517 1070 4560 anno
1118 4501 1241 4562 dedisse
1253 4505 1402 4573 ΟΥΝνους,
1418 4502 1508 4564 sicuti
1522 4501 1595 4562 alibi
1609 4504 1663 4577 (rs.
1677 4498 1874 4576 {Ofillt'la'ecuq

294 4593 363 4662 375.
376 4587 539 4668 Dionysius
547 4587 652 4666 igitur,
665 4586 691 4647 si
705 4603 758 4647 cos
766 4585 888 4648 nonnisi
899 4585 1069 4666 longinquo
1117 4587 1241 4650 exhibet
1259 4607 1316 4668 pro
1339 4586 1473 4657 Ταόχους,
1489 4586 1631 4665 aliosque
1648 4586 1803 4650 nominum
1820 4581 1873 4642 lor·

294 4694 352 4736 usu
363 4679 452 4735 notos
462 4690 707 4735 commemorare
718 4672 877 4752 potuisset,
885 4667 1069 4747 relegandus
1117 4694 1184 4737 mas
1195 4681 1355 4753 corruptas
1365 4673 1472 4751 habet,
1485 4694 1562 4754 quas
1582 4692 1684 4752 neque
1695 4671 1873 4734 librariorum

293 4761 375 4822 foret
396 4758 427 4820 in
450 4757 589 4822 seculum
612 4759 754 4840 quintum
776 4758 823 4818 vcl
849 4755 950 4840 quarti
971 4757 1067 4818 seculi
1117 4763 1314 4842 negligentiae
1326 4760 1483 4822 vindicare
1497 4761 1608 4840 possis,
1626 4777 1728 4840 neque
1742 4758 1812 4835 legis
1820 4771 1875 4813 mc·

294 4867 391 4911 annos
406 4851 598 4928 postremos,
614 4847 692 4907 adeo
711 4849 744 4908 ut
758 4845 864 4925 junior
882 4849 964 4906 esset
978 4847 1068 4907 Festo
1117 4849 1205 4910 tricae
1217 4847 1383 4909 necessitas
1396 4855 1529 4908 excusat.
1543 4850 1697 4908 Hactenus
1707 4846 1745 4908 de
1758 4839 1870 4905 Hunnis.

294 4933 428 5008 Avieno,
443 4932 496 5014 qui
518 4933 623 4995 seculo
645 4941 755 5012 quarto
775 4931 952 5012 Periegcsin
975 4932 1071 5008 magi·
1117 4935 1204 5010 Quod
1218 4935 1332 4996 Alanos
1343 4933 1465 5012 attinet,
1476 4933 1516 4995 de
1530 4934 1569 4994 iis
1582 4933 1744 5013 Dionysius
1757 4943 1872 4992 consen·

293 5019 456 5083 stallorum
482 5017 575 5098 longo
598 5018 664 5096 jam
686 5035 744 5078 usu
771 5019 874 5079 tritam
898 5034 1069 5096 eommque

293 5105 438 5168 ludibriis
456 5105 571 5184 passim
583 5103 650 5182 jam
664 5102 859 5184 depravatam
873 5105 1012 5167 carmine
1026 5103 1071 5164 la·
1148 5135 1181 5198 (1)
1195 5137 1225 5187 v·
1240 5135 1304 5187 carl.
1319 5135 1468 5187 Mffifflhoff
1483 5136 1564 5187 m
1576 5127 1807 5189 mma„
1815 5125 1870 5178 gg.

289 5189 360 5256 tino
374 5191 512 5294 imitatus
527 5192 583 5252 est.
598 5187 631 5251 ld
649 5206 721 5251 vcro
733 5207 829 5271 quum
837 5192 910 5256 lteri
923 5195 1069 5271 nequeat,
1117 5206 1407 5271 tarraconensium,
1426 5206 1504 5268 reae)
1516 5217 1541 5269 p.
1552 5209 1589 5256 rs.
