3884 5925
616 465 795 528 ANAPLUS
817 467 976 530 bossunt
998 469 1169 530 tunsus.
1657 484 1694 536 88

85 595 294 652 flisloerlouium
302 634 310 662 ,
328 613 360 650 an
376 613 456 668 specu
467 595 596 668 Nymphis
616 615 735 664 uerum,
750 617 784 652 sn
798 599 870 654 locus
916 600 1096 672 magnitudine
1109 601 1225 654 historici
1240 599 1347 654 tradunt
1359 601 1437 656 luisse
1452 602 1631 676 Nioephorum
1643 607 1697 659 lm·

86 683 199 754 topiario
218 701 299 756 opere
316 683 475 756 spectabilis,
494 701 528 738 an
544 683 616 738 locus
632 703 704 740 sacer
726 687 870 740 virentibus
915 697 1072 758 peratorcm.

85 771 153 824 silvis
167 781 195 824 et
208 772 306 842 pratis,
317 789 350 824 an
362 770 485 824 mineum
494 810 501 835 ,
511 789 544 825 an
559 771 642 838 lacus,
654 790 687 826 an
699 773 782 828 simile
791 775 870 846 Nym·

84 858 161 930 phac
184 859 311 922 Pontico,
336 856 408 928 quod
433 859 522 910 mauu
549 859 732 914 Demosthenis
758 862 870 914 oratoris

85 955 159 1016 pater
171 944 269 1014 figulus
286 945 452 998 nominatus¹
471 944 572 1016 Glycon
590 945 709 998 hostibus
723 945 871 1016 prodidisse
951 949 1017 1002 mdc
1037 951 1197 1020 Dionysius:
1215 953 1291 1012 Post,
1313 951 1414 1022 inquit,
1444 954 1558 1004 Maenius
1579 947 1697 1004 insanam

91 1044 247 1094 accauatus,
265 1043 292 1085 et
315 1033 407 1086 mortis
426 1031 616 1088 condemnatus
636 1032 701 1104 sugit
720 1032 753 1086 ad
773 1036 871 1108 Bospo-
915 1034 1277 1108 sequitursinnspmjundus
1290 1036 1383 1100 tultis,
1398 1036 1547 1090 nominatus
1561 1039 1698 1110 Moucapo·

83 1139 153 1176 rum.
186 1121 365 1190 Epicharmus
377 1118 602 1192 etPisanderlap.
616 1119 697 1178 schol.
712 1123 764 1192 Ap.
779 1120 869 1185 Rha,
916 1120 954 1173 ris
979 1140 997 1173 a
1018 1140 1073 1190 nge
1091 1121 1204 1194 quodam
1223 1122 1362 1192 Bithynice.
1400 1127 1496 1177 Portus
1517 1122 1543 1175 in
1565 1123 1623 1196 ipso
1637 1142 1698 1195 pen·

84 1204 242 1276 98)dicunt
252 1205 385 1260 Pollucem
395 1204 452 1258 loro
462 1205 551 1274 ligasse
562 1208 702 1276 Amycum.
727 1205 869 1258 Deilochus
916 1210 1013 1272 hantis,
1034 1222 1098 1282 post
1121 1229 1196 1282 quem
1220 1221 1259 1263 est
1281 1210 1487 1282 promontorirun
1505 1201 1698 1282 ’λετόρυγχονΙ

83 1297 142 1364 (sp.
158 1292 246 1348 schot.
259 1297 310 1364 Ap.
324 1291 388 1362 bl.)
404 1293 432 1346 in
446 1293 532 1364 primo
545 1291 629 1353 libro,
644 1308 722 1363 quem
733 1290 824 1344 sctlbli
838 1290 871 1344 ἀΰ
915 1297 1031 1368 ufiguru
1044 1298 1206 1351 nominatum
1219 1316 1229 1350 .·
1241 1309 1280 1350 est
1297 1308 1384 1349 autem
1399 1310 1534 1370 petrosum
1559 1309 1657 1363 totum,
1672 1311 1699 1352 es

82 1383 193 1452 Cyn'co,
207 1380 336 1452 pugillatu
349 1379 413 1434 dicit
423 1383 554 1450 Amycum
566 1378 694 1433 aPolluce
708 1389 868 1450 superatum.
914 1383 1065 1456 pmximum
1090 1384 1188 1436 iudans
1205 1401 1275 1436 mure
1294 1382 1456 1456 profundam
1475 1402 1555 1456 usque
1572 1383 1609 1436 ael
1625 1402 1698 1437 omns

82 1465 205 1535 Orpheus
218 1467 258 1518 ait
270 1465 401 1522 Pollucem
411 1463 484 1518 duris
497 1465 559 1518 loris
572 1475 651 1535 caput
665 1466 757 1536 Amyci
767 1483 871 1536 percus·
915 1468 1025 1522 littoris.
1063 1469 1127 1522 Inde
1140 1469 1215 1522 sinas
1231 1467 1542 1540 Ainycrts³apprllatus,
1559 1481 1584 1521 ct
1599 1473 1697 1538 Grony-

82 1551 153 1604 sisse.
165 1552 243 1604 Dura
250 1549 305 1604 lora
316 1549 381 1621 quiid
392 1549 472 1612 aliud,
484 1567 563 1620 quam
574 1549 684 1604 caestus?
696 1550 788 1604 Pollux
800 1553 870 1604 enim
915 1553 1002 1616 cluit,
1011 1572 1119 1626 campus
1130 1553 1241 1626 supinus
1251 1565 1275 1606 ct
1285 1555 1401 1626 planus;
1411 1553 1438 1606 in
1450 1553 1508 1626 ipso
1517 1567 1603 1607 autern
1614 1556 1696 1626 [sinas]

83 1645 144 1687 teste
152 1635 278 1689 Arnobio
287 1637 425 1708 pugillator
433 1637 519 1692 boum
528 1647 553 1691 et
562 1637 646 1690 crudo
658 1639 870 1710 inexsuperabilis
913 1639 1073 1714 piscationes
1087 1652 1244 1693 ceraseorum
1255 1639 1370 1711 piscium
1381 1661 1390 1700 ,·
1403 1638 1495 1691 deinde
1507 1639 1619 1692 Paludes
1628 1659 1646 1691 a
1661 1636 1698 1693 si·

1246 804 1296 864 Fr.
1319 814 1369 864 sa.

84 1733 174 1786 catu,
191 1725 241 1794 qui
256 1725 347 1776 vicerit
364 1725 494 1794 Amycum
507 1725 634 1796 pugillatu
646 1727 766 1780 omnium
785 1725 870 1780 homi·
916 1726 975 1778 rrtsli
988 1726 1184 1793 exaggeratione
1191 1723 1332 1797 paludum,
1348 1741 1404 1796 quoe
1418 1735 1480 1776 sunt
1492 1723 1518 1777 in
1526 1723 1696 1798 penitissime

84 1826 145 1861 num
153 1827 210 1861 suae
220 1811 305 1863 aetatis
315 1811 557 1882 praestantissimum
565 1852 575 1881 ,
582 1829 660 1883 quem
670 1813 790 1865 Valerius
800 1812 871 1866 Flac·
915 1814 977 1867 sinu
990 1825 1140 1886 nuncupato
1153 1831 1232 1865 cornu
1251 1811 1382 1875 Byzantii.

84 1914 127 1950 cus
139 1896 360 1968 recteappellarit
370 1898 513 1968 gigantem,
529 1917 618 1968 regem
631 1899 778 1971 Bebrycum
787 1941 794 1962 ‚
803 1917 869 1971 quos
950 1899 1020 1952 Vide
1031 1917 1065 1953 an
1076 1899 1163 1962 littus,
1175 1897 1247 1968 quod
1258 1909 1375 1968 tempore
1389 1897 1509 1968 Procopii
1521 1897 1698 1968 appellabatur

85 1983 205 2053 Orpheus
218 1983 314 2037 scribit
328 1977 520 2057 ὑπερφιάλους,
535 2003 596 2040 cum
611 1985 646 2040 ob
657 2003 799 2060 corporum
813 2005 868 2040 ma·
916 1985 1075 2048 illocadion,
1094 1983 1172 2036 inerit
1188 1982 1252 2037 illud
1270 1981 1342 2054 quod
1363 1984 1501 2052 attingeret
1519 1985 1606 2037 sinum
1620 1985 1697 2038 Mou-

84 2068 265 2138 gnitudinem,
279 2087 333 2141 qua
344 2071 502 2141 pmtabaot
516 2074 608 2126 ceteris
623 2090 676 2126 suae
688 2075 770 2128 astatis
784 2074 869 2128 bomi-
888 2079 893 2108 ¹
913 2073 1074 2146 csporidem.
1089 2073 1233 2143 Procopius
1247 2072 1317 2124 cuim
1331 2073 1390 2140 (De
1402 2069 1530 2134 adificiis,
1546 2089 1569 2134 r,
1586 2071 1697 2143 tileca-

83 2156 174 2218 nibus,
189 2167 249 2210 tun
261 2158 297 2210 ob
308 2159 389 2212 animi
401 2159 544 2212 immanem
554 2159 702 2230 perfidiam.
740 2161 869 2215 Arrianus
913 2158 1001 2212 latim
1012 2169 1074 2229 post
1084 2157 1288 2228 descriptionem
1305 2156 1369 2210 aedis
1383 2155 1589 2210 Penteleemonis
1601 2175 1695 2222 sacrae,

82 2245 141 2310 (ap.
157 2241 283 2295 Emtath.
300 2242 334 2295 sd
351 2243 433 2297 Dion.
448 2245 518 2312 sos)
533 2245 774 2316 narrstBehryceas
785 2249 870 2300 Amu-
914 2245 942 2297 in
962 2244 1110 2314 Argymoio
1127 2243 1197 2303 site,
1219 2240 1295 2294 addit
1317 2241 1391 2294 littus
1412 2239 1547 2311 quoddam
1569 2259 1638 2306 esse,
1653 2245 1697 2295 rui

82 2337 133 2378 tarn
147 2326 231 2380 fuisse
246 2327 427 2398 magnitudine
444 2339 504 2382 octo
517 2329 682 2395 cubitorum,
699 2329 871 2386 crassitudine
914 2347 1011 2382 nomen
1024 2339 1090 2382 esset
1103 2328 1243 2382 Monadion
1254 2329 1265 2366 ⁵
1276 2329 1390 2380 vicinum
1402 2327 1474 2391 boo,
1483 2326 1555 2397 quod
1566 2345 1613 2381 stra
1624 2340 1698 2382 aute

82 2429 143 2465 sero
176 2413 354 2486 respondente
390 2418 545 2486 symmetria
578 2417 732 2471 altitudinis.
769 2416 869 2472 Eadem
913 2415 1086 2489 appellaretur
1100 2405 1195 2484 Ἱερόν,
1209 2413 1259 2467 hoo
1272 2425 1311 2466 est
1324 2416 1435 2467 Fanum.
1473 2417 1504 2466 Ia
1517 2430 1571 2484 quo
1589 2409 1698 2485 quidem

119 2587 142 2620 ι.
160 2569 274 2636 Figulus
283 2570 446 2642 nominatus]
459 2574 477 2626 i.
485 2591 509 2626 e.
521 2571 604 2625 Γύλων
615 2573 663 2627 tta
677 2573 814 2643 Κεραμέων,
826 2573 871 2645 qui
914 2572 1017 2643 Gyllius
1028 2571 1102 2624 aaut.
1118 2573 1201 2640 Eique
1213 2571 1348 2623 sententiae
1361 2569 1429 2623 lavet
1442 2570 1515 2640 quod
1527 2569 1629 2640 Gyllius
1639 2585 1697 2622 mo·

82 2649 419 2721 pagrsscratAcsmantidis
431 2651 524 2704 tribus.
915 2663 960 2704 oet
978 2669 1007 2704 se
1028 2649 1118 2720 legasse
1133 2652 1159 2702 ia
1180 2651 1281 2701 incerto
1302 2661 1410 2702 auctore
1430 2649 1585 2720 Momporin
1607 2648 1697 2701 sinum

119 2733 166 2782 Fr.
189 2731 236 2783 62.
256 2729 440 2801 Momeporis]
455 2731 559 2784 Nomen
580 2731 631 2784 hoc
650 2743 732 2787 exstat
750 2735 777 2786 in
796 2731 872 2786 titulo
915 2739 1005 2802 postea
1024 2733 1174 2801 Drepanum
1188 2727 1288 2780 dictum
1304 2743 1373 2790 esse;
1394 2728 1446 2780 hoc
1464 2729 1535 2780 enim
1548 2743 1645 2779 nomen
1667 2731 1697 2782 in

84 2825 127 2878 ap.
141 2806 254 2859 noctu.
268 2807 301 2860 C.
322 2807 407 2860 laser.
422 2816 443 2861 t.
463 2823 494 2871 a,
513 2825 541 2880 p.
558 2815 609 2879 974
624 2827 653 2864 ιι.
670 2811 739 2881 379⁵
756 2829 762 2864 ι
778 2811 872 2872 Bonis}
915 2809 995 2860 istum
1007 2807 1096 2859 sinum
1108 2807 1227 2877 apprime
1238 2806 1324 2870 misit,
1335 2807 1487 2878 quippequi
1499 2803 1630 2876 μηνοειδὴς
1642 2808 1697 2861 sire

85 2886 298 2956 Hosndptldoch
313 2885 458 2954 Γιγλίπηιιος
481 2887 736 2961 (ηλινδιπόριβοςμ
761 2891 869 2960 χαίρετε.
915 2884 1071 2953 edessensis
1085 2897 1124 2939 est
1138 2885 1384 2955 laicisquelormam
1402 2893 1579 2956 representat.
1603 2887 1697 2940 Nesus

87 2990 100 3009 ·
113 2966 244 3017 Homines
258 2965 406 3034 hipossom
419 2967 563 3037 Bosporum
577 2966 660 3020 rideri
679 2968 872 3023 eChasoneso
914 2986 947 3021 aa
962 2968 1107 3020 Homerios
1117 2982 1231 3030 nomen,
1248 2966 1321 3036 quod
1338 2966 1409 3037 apud
1430 2964 1546 3035 Gyilium
1564 2962 1658 3035 legitur
1669 2979 1698 3021 et

83 3044 203 3108 morin,
218 3040 463 3113 quodsimiliimum
476 3044 628 3099 nominibus
637 3044 716 3117 hujus
725 3047 792 3099 tituli
802 3046 871 3100 binis
915 3048 941 3099 in
956 3064 1010 3117 qno
1023 3064 1103 3117 supra
1114 3044 1168 3117 jam
1182 3045 1356 3109 offendimus,
1370 3054 1528 3115 corruptum
1547 3044 1582 3096 sit
1592 3060 1625 3096 es
1639 3044 1696 3112 λίη-

84 3122 681 3193 utnominssosposoGimmeriooccurrens
689 3125 868 3198 Rhescuporis,
915 3123 955 3185 ube
978 3124 1077 3185 κόλπος.
1095 3123 1208 3175 Nomina
1227 3142 1243 3175 s
1263 3122 1326 3177 laloe
1339 3122 1466 3177 esaluna
1488 3122 1597 3191 repetita
1610 3119 1696 3175 eidem

81 3201 116 3254 de
135 3218 190 3272 qua
207 3218 238 3253 re
259 3201 434 3271 moestitiam
455 3203 606 3257 Franclsius.
629 3204 680 3259 Sed
701 3205 871 3277 Rhescuporis
913 3204 983 3256 sinui
1002 3203 1042 3255 vel
1062 3203 1246 3274 promontorio
1267 3200 1325 3253 indi
1346 3208 1477 3272 poterant.
1502 3202 1544 3253 Sic
1566 3200 1593 3253 in
1607 3200 1696 3272 Libyae

84 3279 173 3350 potius
188 3296 286 3333 ιιοιιιειι
300 3290 339 3333 est
357 3280 391 3333 ad
403 3298 475 3350 reges
486 3284 652 3355 bosporanos
664 3295 834 3355 propagatum
845 3303 872 3345 et
913 3298 959 3334 ora
975 3282 1190 3352 'promontorium
1213 3278 1285 3351 quod
1305 3280 1375 3351 apud
1398 3280 1553 3333 Strabonem
1574 3279 1695 3349 Δρέπανον

85 3358 139 3410 hssc
155 3375 265 3428 quoque
284 3360 368 3411 nostri
388 3360 456 3412 tituli
478 3362 586 3413 nomina
605 3372 666 3414 suat
683 3362 816 3415 Thracum
837 3363 870 3416 ad
914 3371 1033 3425 vocatur,
1052 3358 1123 3431 apud
1137 3359 1304 3412 Ptolemaeum
1317 3369 1342 3411 et
1355 3360 1382 3411 in
1394 3358 1628 3413 Stadiasmoidaris
1639 3360 1694 3412 tte·

82 3454 197 3505 quorsum
209 3447 314 3505 gentem
324 3436 430 3509 Bithyni
440 3440 581 3511 pertinent.
632 3439 730 3493 Eodem
741 3442 871 3509 pertinere
913 3440 956 3507 gari
972 3439 1073 3504 Σεληνῐς
1086 3437 1229 3509 appellatur
1242 3439 1285 3505 (v.
1302 3447 1369 3491 tom.
1388 3454 1411 3501 r,
1427 3454 1454 3507 p.
1467 3438 1519 3499 436
1531 3439 1546 3503 ς
1557 3436 1591 3487 ι3
1606 3448 1660 3489 not.
1672 3437 1693 3508 l.

88 3514 193 3566 ridetur
206 3531 305 3566 nomen
316 3514 459 3580 Μωκάδιον,
471 3515 504 3569 dc
516 3534 570 3587 quo
584 3518 729 3587 Procopius
743 3518 783 3570 De
799 3516 868 3573 adil.
913 3516 1016 3583 Quodsi
1030 3516 1143 3569 Gsaeeuli
1157 3515 1244 3585 Gyllio
1256 3514 1396 3567 narrabant
1408 3532 1503 3566 nomen
1518 3513 1627 3567 ductum
1641 3532 1696 3567 esse

85 3608 108 3653 r,
124 3610 140 3659 9
157 3610 164 3642 :
180 3588 243 3656 durh
257 3592 284 3645 δέ
298 3592 333 3653 τίς
344 3592 394 3645 ἔστι
408 3593 539 3645 blanditos
554 3595 651 3664 ὄνομα,
668 3598 710 3646 τοῦ
724 3596 816 3665 χωρῐου
830 3593 870 3665 ἔγ·
912 3612 927 3646 a
948 3594 1033 3665 lapide
1045 3612 1130 3665 nuper
1149 3594 1185 3646 ibi
1205 3602 1326 3664 reperto,
1341 3595 1454 3661 cogitare
1473 3592 1534 3644 licet
1547 3592 1581 3644 de
1597 3595 1696 3646 Lsrnari

82 3671 158 3739 γὐςῦ
183 3671 226 3723 sal
247 3676 290 3723 νῦν
318 3668 394 3743 Ἱερὸν
410 3672 567 3743 ὀνομάζεται.
593 3674 635 3729 Ad
656 3674 752 3726 nomen
776 3674 870 3735 Βουὸᾶς
913 3672 1002 3744 lapide
1016 3673 1173 3726 miraculoso
1190 3674 1244 3724 sive
1260 3672 1294 3723 de
1314 3670 1468 3733 Selenitide,
1483 3671 1517 3723 de
1534 3690 1589 3742 quo
1602 3690 1628 3724 ν.
1643 3674 1695 3725 Pli-

81 3749 114 3802 cl.
130 3768 233 3803 nomen
242 3752 311 3821 regis
321 3752 496 3823 Bithynorum
511 3752 788 3825 Βᾶςερ.Ρ1ιοι.ΒίΙιΙ.
807 3754 867 3807 cod.
913 3753 971 3803 nius
990 3752 1034 3818 37,
1049 3754 1113 3821 675
1131 3754 1197 3815 1813
1212 3750 1318 3805 Solinus
1336 3752 1380 3815 37,
1397 3766 1447 3812 ²¹3
1461 3751 1623 3817 Augustinus
1635 3752 1693 3802 Cir.

82 3834 132 3893 aet,
150 3848 181 3901 p.
197 3835 252 3885 uati
265 3828 308 3883 ed.
327 3830 410 3885 setta.
425 3850 457 3885 ex
476 3834 632 3895 Memnone,
647 3832 697 3884 nisi
715 3832 750 3885 ihi
764 3848 870 3903 quoque
913 3832 961 3883 Dei
975 3846 1019 3894 ar,
1036 3831 1066 3893 53
1081 3828 1175 3883 isidor.
1191 3834 1234 3893 16,
1249 3833 1277 3893 i,
1291 3833 1317 3882 6.
1336 3844 1378 3889 ro,
1393 3846 1426 3896 73
1437 3829 1526 3880 Diosc.
1543 3827 1569 3890 5,
1584 3828 1695 3896 159ibi-

80 3909 165 3978 potius
190 3910 285 3970 Βουὸἆς
305 3909 453 3980 legendum.
473 3936 484 3956 ι
510 3912 671 3964 Mosaios.
696 3912 815 3963 Fortasse
835 3912 868 3966 sd
911 3926 963 3979 qne
977 3909 1124 3973 Marcellus,
1139 3906 1368 3979 Olympiodor.sd
1383 3907 1483 3960 Piston.
1501 3905 1584 3964 Aloib.
1601 3924 1628 3975 p.
1647 3909 1693 3971 rs;

82 3988 224 4043 stommon
241 3991 365 4059 Procopii
378 3992 490 4061 pertinet
507 3990 628 4053 Μόιιατα,
649 3989 722 4061 quod
742 3990 868 4061 Bithyniae
911 3986 1009 4040 Psellus
1022 3990 1061 4039 De
1076 3986 1207 4057 lapidibus
1220 3987 1248 4038 in
1261 3984 1356 4038 ldelcr.
1371 3985 1449 4054 Plsys.
1463 4001 1487 4047 s,
1504 4002 1532 4053 p.
1551 3989 1613 4047 aiii.

83 4066 212 4137 nudam
228 4068 364 4122 waiet
375 4056 531 4140 sceptrinae.
947 4064 974 4118 s.
987 4065 1116 4134 Anien]
1141 4063 1182 4117 cs.
1196 4064 1296 4118 pasius
1309 4063 1335 4127 s,
1355 4064 1389 4126 aa
1408 4062 1510 4131 §1502
1536 4060 1596 4113 aen
1613 4062 1694 4115 utco-
1774 4115 1777 4119 ,

113 4161 139 4199 a.
160 4145 341 4219 Asrdpryyor]
353 4148 458 4219 Aquiloe
470 4160 581 4201 rostrum
593 4146 712 4215 reserens.
722 4148 867 4216 legebatur
907 4144 980 4215 polis
994 4148 1048 4211 isc.
1058 4142 1147 4211 suitl,
1156 4162 1175 4195 a
1191 4160 1243 4213 qao
1253 4160 1342 4195 nonun
1351 4142 1493 4195 etiamnum
1501 4140 1576 4193 situas
1589 4140 1691 4201 retinet,

82 4224 218 4295 ἆετόρηχον
232 4228 295 4279 etin
308 4244 381 4297 seqq.
394 4228 552 4290 aetottvclson,
566 4244 624 4297 quae
634 4245 684 4281 vox
696 4246 773 4281 sensu
787 4240 865 4281 caret.
911 4222 938 4274 t'n
958 4241 1009 4293 qtto
1025 4232 1121 4294 portus
1144 4222 1245 4291 A'ttt‘ss'·
1269 4221 1356 4274 Alium
1378 4221 1470 4291 Amyci
1483 4220 1572 4272 sinum
1595 4219 1694 4272 Plinius
1729 4217 1736 4227 ’

81 4304 240 4357 Emendarit
259 4306 399 4359 Cramerus
412 4308 440 4359 in
456 4306 546 4379 Steph.
566 4306 643 4361 Thes.
658 4324 684 4360 ν.
705 4306 865 4377 ἀετόρυγχος,
910 4304 974 4369 (16,
985 4302 1036 4372 89)
1051 4302 1078 4352 in
1091 4302 1177 4353 Ponto
1193 4309 1336 4363 memorat,
1354 4308 1475 4369 utsupra
1496 4316 1523 4367 p.
1537 4300 1571 4351 82
1588 4300 1692 4350 monni-

81 4382 194 4435 mnleffl
204 4381 303 4451 l⁰b⁰⁰⁵
313 4402 338 4435 '-
351 4382 507 4455 ὖξῦρθυῖλθς·
519 4386 634 4453 Qsslmm
649 4387 701 4439 sint
718 4388 867 4457 Mucaporis
911 4398 979 4433 mus.
996 4379 1074 4451 Apud
1097 4380 1239 4433 Arriuaum
1257 4380 1338 4446 (Per.
1358 4382 1374 4445 ς
1393 4378 1446 4446 37)
1460 4378 1487 4428 in
1507 4375 1559 4428 hoe
1571 4377 1631 4428 sinu
1644 4394 1693 4448 po·

81 4462 152 4513 sinus
162 4472 190 4514 et
199 4462 398 4532 Actorynchum
412 4480 453 4533 pr.
462 4462 563 4533 Gyllius
574 4461 718 4532 dijudicare
727 4482 780 4515 non
789 4482 867 4518 ausus
910 4461 1081 4529 nliurpotfflfl
1094 4458 1189 4527 Δάφνης
1198 4457 1366 4527 Μαῑνθμένης·
1529 4484 1535 4493 ·

82 4550 126 4592 est.
143 4540 305 4593 Hammerus
314 4540 333 4593 l.
348 4540 365 4595 l.
385 4558 411 4605 2,
426 4559 452 4613 p.
465 4558 514 4610 291
530 4552 556 4594 et
573 4540 699 4595 Moltlsius
712 4544 866 4612 Mocaporin
945 4543 959 4601 l,
974 4537 1146 4607 ¹Gronychia]
1160 4538 1315 4588 vissanum
1325 4534 1493 4587 vocabulum.
1507 4534 1599 4585 Fuerit
1612 4535 1693 4585 Acm-

82 4619 166 4671 sinum
186 4629 333 4687 agnoscunt
345 4621 372 4670 in
388 4619 452 4673 hod.
469 4619 528 4671 baie
540 4618 571 4671 de
585 4620 704 4673 Chunlar
715 4622 769 4672 sive
780 4622 865 4691 Hunj-
909 4617 1012 4681 nyehia,
1026 4614 1180 4685 λκρωννρῐα,
1191 4616 1273 4667 πεδίον
1282 4614 1366 4667 ὕπτιον
1377 4613 1418 4665 καὶ
1429 4610 1535 4682 ὁμαλόν,
1548 4621 1593 4664 aut
1607 4608 1694 4679 'Arpos-

84 4696 247 4751 iurisklessi
259 4698 294 4765 (i.
312 4714 336 4749 e.
356 4698 427 4751 locus
447 4698 492 4751 ubi
515 4716 561 4751 rex
584 4699 711 4769 appellere
731 4698 825 4767 solet),
841 4712 866 4753 et
909 4695 1087 4764 aspiceremus
1100 4706 1149 4746 otc.
1163 4696 1253 4760 Quum
1267 4709 1326 4762 quae
1342 4690 1467 4761 deinceps
1476 4700 1625 4760 sequuntur
1637 4692 1690 4741 Pe·

83 4775 281 4846 Aetorynchum
296 4793 337 4846 pr.
351 4776 449 4829 habent
460 4775 523 4829 hod.
535 4776 602 4829 selei
616 4780 733 4830 Bouroun
747 4778 802 4830 sive
813 4782 866 4831 dle·
909 4774 982 4827 ludes
993 4773 1027 4825 ad
1041 4772 1174 4825 hodierne
1188 4771 1307 4824 §altenis
1317 4771 1452 4841 planitiem
1460 4778 1593 4839 peraptea
1606 4768 1694 4838 Gyllio

82 4869 127 4904 ser
147 4858 287 4916 Bouroun,
312 4854 384 4925 quod
407 4857 493 4907 sinum
516 4853 597 4908 modo
616 4854 717 4908 dictum
739 4856 865 4910 aboreali
909 4866 934 4907 et
952 4854 1095 4905 Hammero
1123 4850 1280 4912 solemnior,
1305 4849 1467 4919 Acronychia
1490 4847 1633 4918 puuoebit
1658 4844 1693 4900 ad

82 4942 154 5000 perte
166 4932 273 4985 claudit.
288 4936 321 4987 At
331 4933 449 5004 Dionysii
463 4933 541 4986 rerba
552 4933 685 5004 postulant
699 4944 730 4987 ut
742 4952 867 5005 promon-
905 4931 966 5002 juga
981 4942 1105 4985 montana
1118 4948 1178 5001 quae
1192 4931 1280 4982 Beicus
1298 4930 1356 4982 loco
1370 4930 1518 4981 imminent.

83 5012 179 5063 terium
195 5010 395 5081 Aetoryncbum
414 5010 550 5063 meridiem
566 5027 654 5064 rusus
668 5014 754 5065 sinum
775 5014 864 5065 termi·
945 5012 969 5062 5.
998 5008 1151 5077 Mocadion}
1179 5008 1320 5060 nuutios.
1351 5007 1431 5077 Apud
1451 5006 1568 5077 Gyllium
1593 5005 1692 5074 ubique

83 5100 135 5141 net.
152 5092 241 5157 Quare
262 5090 284 5141 si
304 5089 339 5143 de
355 5092 540 5161 promontorio
562 5100 632 5143 recte
645 5090 681 5143 illi
699 5100 863 5157 statuerunt,
908 5089 1031 5141 scribitur
1041 5086 1218 5139 Mochadiurn.
1237 5086 1392 5155 Archangeli
1405 5084 1532 5156 templam
1548 5083 1691 5155 probabili-

83 5168 227 5239 bioeaporis
239 5169 312 5221 sinn
325 5186 358 5221 ex
371 5168 491 5239 Dionysii
510 5168 639 5221 εειιιειιιίι
652 5168 808 5238 quaerendos
826 5176 865 5221 est
909 5178 948 5220 ter
958 5166 1008 5218 luit
1019 5184 1045 5217 m
1057 5166 1162 5217 Ioucioe
1174 5166 1256 5233 Tagi,
1266 5166 1313 5218 ubi
1323 5164 1441 5217 lienmlis
1450 5164 1537 5230 siluas
1549 5164 1691 5232 Dionysias

84 5244 111 5296 in
123 5245 186 5301 bod.
200 5247 260 5303 baie
272 5245 317 5301 des
325 5246 453 5300 carriirrs
464 5247 517 5299 sire
530 5247 557 5299 in
566 5246 707 5300 Monocolo
716 5248 776 5302 εἰιιιι
785 5264 864 5317 quem
909 5242 1374 5314 memona.serusemptunibiotim
1382 5240 1687 5295 luisseoensetslarlsius.

331 5368 336 5373 .
1582 5336 1605 5377 d.
