3884 5925
736 465 847 525 ORBIS
869 467 1107 529 busceleta).
1677 477 1732 530 109

212 592 305 652 liciter
320 592 345 651 δ’
359 593 510 671 εὖρυνόεῖσα
524 591 666 652 τιταίνετιιι
681 593 782 671 ‘nuptie
798 595 870 672 όλμη
961 598 1027 653 Inde
1038 617 1101 652 vero
1111 598 1248 654 dilatatum
1263 599 1350 654 Adriae
1363 600 1445 654 salum
1458 599 1608 654 extenditur

208 677 274 757 πρὸς
288 678 392 756 βορέην,
405 671 476 744 αὖθις
486 679 513 737 δὲ
522 679 586 758 πρὸς
601 680 721 758 ἑσπέριον
734 683 818 762 μυχὸν
833 682 916 764 ἕρπει,
960 686 988 736 in
1002 685 1204 754 septentriones,
1220 703 1311 738 ruraus
1326 704 1389 738 vero
1401 685 1435 738 ad
1451 685 1591 738 occiduum
1609 703 1738 740 reoessum

208 764 271 836 ἥντε
287 767 331 822 καί
347 766 442 838 Ἰονίην
456 766 617 843 περιναιέται
631 770 786 837 ηὐδάξαντο.
959 771 1031 842 quod
1045 774 1123 826 etiam
1133 791 1205 824 marc
1216 775 1320 826 lonium
1331 774 1424 826 accola
1437 773 1571 826 dixerunt.
1626 777 1715 844 [serpit
1730 792 1736 828 ι

165 869 196 909 νο
210 854 310 918 Δισσὰς
327 853 350 910 δ’
364 853 486 930 ἠπείρους
502 853 684 931 ἐπερεύγεται·
699 858 725 920 ἐς
740 855 787 928 μίν
800 855 863 914 ίόντι
960 857 1070 910 Duabus
1084 858 1110 910 id
1124 858 1320 912 continentibus
1332 859 1475 929 obstrepit;
1488 877 1549 910 nam
1561 861 1668 912 intranti

208 931 341 1010 δεξιτερὴν
357 937 425 990 κατὰ
441 941 518 1011 χεῖρα
533 931 665 1010 φαείνεται
680 933 788 1011 Ἰλλυρὶς
804 923 865 1004 αἶα,
959 943 1079 995 dextram
1090 942 1125 994 ad
1140 959 1246 996 turanum
1257 943 1359 1012 Illyrica
1369 945 1441 1012 regio
1451 954 1572 1013 apparet,

209 1025 351 1100 Δαλματίη
366 1025 388 1081 δ’
400 1023 550 1102 ἐφύπερθεν,
563 1025 688 1083 ἐνυαλίιυν
702 1027 779 1084 πέδον
792 1027 900 1102 ἀνδρῶν·
960 1030 1119 1099 ulteriorque
1133 1029 1273 1092 Dalmatia,
1285 1032 1440 1083 Martiornm
1452 1029 1535 1082 solum
1550 1033 1681 1095 virorum,

208 1115 289 1188 σκαιῇ
300 1111 323 1167 δ’
332 1112 467 1170 Adranios
478 1111 683 1190 παραπέπταται
693 1112 803 1178 ἄσπετος
815 1113 913 1188 ἰσθμός,
958 1115 992 1168 ad
1003 1119 1092 1168 lavam
1105 1133 1166 1168 vero
1175 1117 1265 1184 ingens
1275 1121 1411 1170 Ausonum
1425 1119 1536 1170 isthmus
1547 1136 1677 1188 expansus
1687 1129 1736 1183 cst,

206 1197 380 1272 πουλυτινὴς,
395 1201 515 1274 τρισσῇσι
534 1199 689 1276 περίδρομος
702 1201 874 1279 ἐμφιτρίτης,
958 1201 1035 1269 louge
1047 1211 1198 1271 porrectus,
1213 1202 1297 1254 tribus
1310 1203 1480 1255 circumfluus
1491 1203 1622 1266 mariims,

152 1306 194 1344 tua
209 1289 336 1362 ’ίύρσηνῇ
352 1287 450 1362 Σικελῇ
464 1307 492 1340 τι
507 1283 551 1342 καί
565 1284 682 1364 (Ἀδριιίδι
695 1287 842 1364 πληθούση·
958 1289 1096 1358 Tyrrheno
1109 1299 1135 1340 et
1146 1289 1233 1340 Siculo
1247 1288 1381 1360 Adriaqne
1392 1289 1516 1358 turgid03

210 1372 227 1436 ἡ
244 1363 293 1437 μία
310 1365 332 1420 δ’
346 1366 381 1428 εἰς
395 1363 491 1440 ἄνεμον
505 1365 673 1440 τεκμαίρεται
688 1364 765 1423 όλκὸν
781 1368 899 1438 ἑκάστη,
958 1377 1081 1440 Quorum
1094 1373 1195 1441 singula
1210 1383 1323 1426 tractum
1341 1374 1374 1427 ad
1386 1383 1464 1428 snum
1483 1372 1600 1442 dirigunt
1618 1385 1735 1439 rentum,

206 1452 333 1528 Τυρσηνὴ
350 1453 469 1529 ζέφυρον,
484 1451 583 1521 Σικελὴ
600 1451 683 1526 νότον,
695 1452 795 1528 'bipede
812 1445 893 1532 εὖρον.
957 1463 1073 1514 Tuscum
1088 1460 1122 1513 ad
1141 1460 1290 1524 favonium,
1309 1461 1425 1514 Siculum
1437 1461 1470 1512 nd
1485 1471 1591 1522 notum,
1608 1461 1689 1514 Adria
1701 1461 1736 1514 ad

207 1539 301 1615 Αὐτὰρ
315 1540 381 1618 ὑπὲρ
393 1541 503 1606 Σικελῆς
513 1538 603 1614 χθονὸς
617 1538 721 1598 ἕλκεται
732 1533 810 1614 olipa
821 1539 914 1618 κορόσ·
957 1563 1062 1599 eurum.
1076 1545 1185 1600 litultra
1197 1547 1311 1600 Siculam
1323 1557 1419 1598 terram
1430 1547 1543 1598 trahitur
1552 1545 1649 1599 undam
1663 1547 1738 1600 attol-

205 1628 299 1690 πόντος
305 1625 357 1686 ἔσω
365 1625 561 1696 acclamato
569 1625 913 1706 περίΣόρτινὲλίσσοιν[σων
956 1651 1030 1685 mare
1042 1634 1111 1686 iutra
1125 1633 1245 1703 Libyam,
1259 1632 1397 1685 australem
1409 1634 1496 1702 Syrtin
1508 1631 1638 1694 alludens,
1666 1631 1737 1702 [lens

151 1732 190 1770 tus
204 1712 252 1780 τὴν
267 1715 371 1790 ἑτέρην,
383 1713 466 1789 ἥνπερ
480 1735 508 1768 τε
523 1713 568 1768 καί
582 1712 721 1791 εὐρυτέρην
733 1715 877 1773 ἐνέπουσιν·
957 1719 1077 1783 alteram,
1091 1735 1172 1789 quam
1183 1721 1262 1772 etiam
1273 1717 1398 1786 majorem
1410 1719 1563 1781 nominaut;
1738 1715 1749 1734 '

204 1799 274 1869 ἄλλη
289 1801 320 1870 δ’,
335 1800 391 1871 ἥτις
407 1800 520 1876 ἀφαυρόν
534 1797 590 1876 ἔχει
605 1799 697 1878 πόρον,
711 1799 783 1858 ἔνδον
798 1803 891 1872 ἐοῦσα,
956 1807 1036 1860 altera
1050 1825 1127 1869 vero,
1145 1823 1204 1876 quae
1223 1806 1419 1876 parrumbabct
1430 1808 1517 1856 sinum
1537 1805 1698 1868 interiorem,

205 1891 316 1962 τηλόόεν
332 1891 476 1970 ἐρχομένην
491 1890 595 1968 δέχεται
608 1890 782 1970 πλημμόριδα
794 1893 899 1952 πόντου.
956 1895 1060 1945 eminus
1072 1891 1239 1944 accedentem
1253 1891 1361 1960 suscipit
1374 1892 1453 1942 maris
1466 1901 1567 1943 aestum.

204 1977 260 2044 Ὦς
273 1982 296 2037 ol
312 1980 360 2054 μὲν
377 1981 485 2056 βοόωσιν
500 1978 661 2052 ἑλισσόμενοι
673 1979 717 2036 δύο
729 1981 833 2040 κόλποι·
956 1980 1001 2031 Sic
1013 1979 1124 2031 reboant
1134 1977 1256 2045 porticosi
1270 1977 1297 2028 bi
1309 1975 1365 2028 duo
1377 1977 1459 2030 sinus.

167 2073 172 2080 '
206 2069 235 2124 έκ
249 2065 278 2124 δὲ
293 2067 358 2144 plns
375 2069 492 2126 Σικελῶν
508 2065 614 2142 Κρήτης
634 2066 816 2126 ἀναπέπταται
834 2057 912 2142 οἶδμα
956 2069 992 2118 nt
1004 2083 1019 2117 ι
1032 2065 1123 2118 Siculis
1136 2065 1240 2118 fluentis
1253 2065 1385 2117 Creticum
1399 2081 1470 2114 marc
1485 2073 1555 2132 patet

150 2174 191 2212 tto
206 2153 309 2230 μακρὸν
322 2156 364 2210 ἐπ’
383 2153 502 2223 όντολίην
519 2155 689 2226 Σαλμωνίδος
702 2153 764 2230 ἄχρι
777 2154 909 2230 καρήνου,
956 2153 1032 2220 longe
1050 2153 1077 2204 in
1091 2162 1180 2204 ortum
1193 2151 1225 2204 ad
1238 2150 1398 2204 Salmonium
1412 2168 1495 2221 usquc
1508 2153 1734 2220 promontorium,

203 2243 237 2311 ἣν
255 2241 360 2320 Κρήτης
374 2239 508 2298 ἐνέπουσιν
522 2239 596 2296 idios
608 2238 722 2316 ἔμμεναι
737 2241 830 2317 ἄκρην.
956 2239 1029 2308 quod
1041 2238 1133 2290 dicuni
1144 2254 1201 2288 ὅδε
1213 2238 1297 2290 Crelae
1309 2246 1388 2307 ⁰³9¹st
1400 2235 1534 2289 Oilesslaeile·

129 2409 161 2458 ln
173 2419 236 2460 cett.
250 2407 395 2469 codicibus,
409 2407 476 2458 sicut
488 2407 514 2458 in
527 2406 614 2468 editt,
629 2407 722 2474 legitur
739 2427 780 2476 μιν
796 2407 837 2460 καί
848 2410 916 2476 κριοῦ
935 2443 939 2501 1
959 2405 1074 2457 indicare
1083 2404 1307 2471 solebatll-roi.
1316 2403 1413 2470 πόντος]
1424 2402 1514 2464 κόλπος
1525 2403 1736 2473 ϋΙέΚγκΕιιεΙ.;

127 2515 165 2524 -
175 2485 300 2553 μέτωπον]
312 2486 416 2554 κόρηνυν
428 2487 520 2554 Gcoqe.
533 2485 643 2551 11-9ι.
656 2484 696 2536 καὶ
705 2481 752 2552 μὴν
764 2483 789 2538 b.
804 2484 814 2551 Η
826 2487 912 2550 -94,
964 2486 974 2550 ΙΙ
983 2484 1047 2552 περὶ]
1058 2481 1122 2551 παρὰ
1139 2485 1160 2534 Υ
1161 2521 1168 2546 ,
1178 2482 1217 2533 ἰπὶ
1227 2485 1250 2548 Q
1259 2493 1284 2532 ct
1290 2483 1317 2532 in
1328 2482 1383 2532 aliis
1394 2480 1550 2550 quibusdam
1559 2480 1655 2550 pejoris
1669 2493 1736 2535 notae

128 2563 270 2630 rependerat
289 2581 321 2633 q,
340 2563 475 2632 περιναιέται
488 2581 517 2622 ε,·
541 2560 636 2627 Ἰωνίην
656 2567 699 2616 Cr.
717 2565 810 2614 Forma
828 2559 913 2612 Ἰόνιον
959 2561 1041 2615 libris.
1063 2560 1177 2628 ἑλίσσων]
1196 2559 1303 2612 ἐλατίνων
1316 2563 1382 2621 Cro,
1394 2560 1483 2611 ὁὸεόων
1497 2559 1565 2618 Hit.
1582 2561 1643 2610 Hac
1657 2562 1737 2612 inuris

129 2641 290 2708 Periegctam
301 2641 338 2692 uti
349 2650 436 2691 monet
445 2639 549 2690 Tzctacs
558 2641 638 2707 Exeg.
652 2639 680 2693 ίΙ.
693 2655 718 2709 p.
733 2641 789 2694 135.
803 2639 812 2708 ll
824 2669 859 2679 —
870 2639 911 2706 95.
960 2631 1234 2710 internipars‘rocatur
1240 2655 1311 2689 snare
1318 2639 1456 2708 Libycum3
1464 2637 1536 2707 quod
1543 2639 1628 2707 ipsum
1639 2655 1735 2692 nomen

129 2714 285 2785 ἐπερεύγεται
299 2716 564 2780 ΑΒΙοἝόΙΟΩένοιένε,Ι
579 2715 735 2786 ἐπερεύγεται
751 2717 837 2770 cetcri.
857 2717 867 2784 ll
879 2745 914 2755 —
959 2717 1100 2786 Dionysius
1110 2735 1163 2768 non
1174 2719 1302 2786 apposuit.
1321 2717 1332 2785 Ι]
1345 2747 1381 2756 -
1397 2719 1454 2771 105.
1466 2721 1503 2784 τε]
1517 2733 1569 2769 om.
1582 2721 1636 2769 ΗΝ
1640 2716 1733 2787 Xsrq13

129 2801 174 2864 96,
193 2794 233 2848 ἐπί
253 2799 327 2866 χεῖρα
346 2795 412 2850 It'l'l.
433 2797 495 2864 fl-
510 2811 552 2864 97.
569 2797 740 2858 Dalmatiam,
760 2813 839 2864 quam¹
857 2804 915 2862 post
960 2795 1041 2864 ἔνδον]
1055 2795 1121 2857 ἐντὸς
1135 2797 1227 2866 ΙΙί-ζγ;
1242 2795 1388 2865 ίρχομένην]
1405 2795 1538 2865 ἐρχομένου
1552 2796 1741 2862 BCKLMUcf

127 2874 263 2944 Illyricum
274 2884 412 2937 memorat,
424 2892 480 2925 earn
491 2872 602 2942 intellige
610 2885 720 2926 tractum
729 2875 796 2944 quia
807 2871 914 2924 Drilone
959 2875 1154 2942 ιιινιικηλόόεν]
1165 2893 1180 2925 c
1190 2876 1255 2926 mari
1268 2875 1406 2943 Tyrrheno
1416 2894 1423 2936 ;
1435 2891 1495 2926 nam
1509 2889 1547 2926 rs.
1558 2888 1607 2923 aot
1623 2871 1657 2923 de
1668 2874 1736 2941 Syrti

127 2953 211 3005 flurin
223 2951 256 3005 ad
270 2953 368 3005 Titium
382 2953 501 3025 pertinet.
517 2955 552 3004 L't
565 2953 590 3004 in
605 2953 645 3003 bis
657 2964 732 3023 poeta
742 2955 781 3005 sui
794 2952 839 3005 avi
855 2970 913 3019 geo·
959 2949 1050 3021 majori
1063 2952 1170 3023 loquens
1181 2964 1274 3026 poeta:
1292 2951 1363 3015 ἔνθα,
1373 2953 1471 3021 inquit,
1486 2951 1663 3021 κορυσσομένης
1674 2949 1736 3020 Tup-

128 3030 266 3099 graphiam
279 3031 381 3091 reddit,
402 3030 439 3081 sic
455 3048 486 3081 cx
507 3031 585 3101 prisci
600 3032 724 3101 temporis
743 3030 914 3101 scriptoribus
958 3030 1055 3095 σηνίόος
1076 3031 1248 3101 όμφιτρίῑηςν..
1267 3031 1405 3100 πλημμυρὶς
1423 3029 1549 3100 ἐγείρεται,
1567 3031 1696 3097 11-109.
1710 3028 1737 3081 ἐκ

127 3108 240 3159 eandem
263 3128 335 3161 oram
356 3108 479 3161 describit
494 3126 517 3161 v.
536 3108 585 3161 388
600 3127 657 3179 sqq.
681 3110 795 3161 Avienus
815 3126 839 3163 ν.
865 3114 913 3171 ιηέι
958 3111 982 3160 δ’
993 3110 1068 3179 ὀρέων
1085 3110 1191 3162 Σικελῶν
1203 3109 1263 3161 libri
1276 3126 1367 3160 omnes
1380 3118 1474 3178 praeter
1487 3106 1546 3159 cod.
1562 3126 1588 3170 e,
1603 3108 1630 3158 in
1642 3125 1696 3175 quo
1710 3107 1737 3159 ἐκ

128 3188 440 3258 (AEnratlir'amquesuper
448 3187 534 3239 sulcat
540 3204 623 3252 genus
631 3205 680 3238 rere
689 3187 814 3253 auroram)
824 3204 912 3239 vocem
957 3187 983 3239 δέ
1003 3189 1066 3257 ρόων
1084 3188 1112 3243 Σ.
1128 3187 1243 3240 Siculum
1262 3204 1333 3238 marc
1352 3204 1369 3237 a
1390 3186 1475 3238 Sicilia
1500 3184 1634 3255 usquead
1654 3186 1737 3241 Cretae

127 3262 259 3332 ἐφύπερθεν
276 3266 310 3316 ita
324 3263 448 3315 inlellesit
469 3274 498 3315 ut
519 3265 552 3315 sit
571 3282 653 3331 supra
666 3264 770 3334 Illyrios
790 3267 815 3315 in
834 3264 913 3315 medi·
957 3267 1167 3335 promontorium
1179 3266 1368 3333 Criumctopou
1383 3264 1514 3333 pcrtinerc
1527 3281 1551 3315 ν.
1575 3266 1607 3315 86
1626 3280 1683 3331 sqq.
1703 3263 1737 3314 le·

128 3344 273 3405 terraneis,
289 3342 400 3411 ideoque
415 3360 463 3411 pro
480 3342 606 3413 Δαλματίη
629 3342 691 3411 legit
715 3342 831 3412 Ἰίμαόίη.
854 3344 863 3411 ll
879 3373 914 3383 -
957 3344 1050 3409 gimus.
1067 3344 1150 3411 Igitur
1168 3344 1299 3395 Creticum
1320 3360 1406 3404 marc,
1428 3340 1500 3411 quod
1522 3338 1643 3407 deinceps
1661 3338 1737 3407 juxta

127 3423 174 3487 98.
194 3418 297 3481 ἄπλετος
318 3422 344 3470 A
351 3419 474 3489 L'uqtglrs,
492 3438 547 3472 var.
572 3418 671 3471 lectur
699 3423 731 3480 i';
753 3419 912 3489 παρατέταται
957 3421 1222 3473 borealcCretuiatns
1232 3420 1423 3492 porrigebatur,
1432 3420 1536 3470 initium
1545 3434 1648 3469 sumere
1656 3416 1736 3469 debet

133 3505 155 3553 ϊ
167 3510 193 3550 et
209 3500 278 3551 inter
293 3517 380 3551 versus
390 3516 404 3549 s
412 3522 421 3561 ;
434 3496 606 3567 παρακέκλιται
621 3498 683 3563 ctg.
697 3499 708 3566 l]
720 3527 756 3537 —
765 3506 808 3565 9'9.
820 3497 912 3549 πολλυ-
958 3518 973 3551 a
987 3501 1120 3551 montibus
1133 3500 1216 3552 Creta
1227 3497 1352 3551 occiduis.
1372 3502 1477 3564 Quare,
1490 3497 1510 3547 si
1521 3495 1596 3565 όρέιον
1607 3510 1657 3547 τοι
1666 3506 1737 3546 recte

127 3576 200 3641 τενὴς
217 3590 237 3640 t,
251 3575 383 3641 πολυτενὴς
404 3578 610 3638 BDIILMXcor,
626 3574 776 3639 πουλοτανὴς
792 3578 831 3637 K,
853 3594 911 3627 που·
957 3578 1078 3641 baberet,
1092 3578 1324 3647 exspectabamus:
1341 3576 1367 3628 ἐκ
1379 3576 1402 3625 δ’
1414 3575 1489 3643 όρέονν
1504 3575 1606 3625 incudo
1626 3573 1734 3641 Κρήτης,

126 3654 234 3721 'asceline
258 3654 292 3717 Ιι,·
317 3654 444 3725 ἐπίδρομος
474 3654 542 3716 Ηί·ί,·
565 3654 707 3723 περίδρομος
735 3657 845 3723 τρεσσῇῦι
873 3659 912 3714 Dr
958 3662 996 3713 vel
1008 3661 1034 3713 ἐκ
1046 3663 1068 3712 δ’
1081 3662 1155 3731 ὀρέων
1168 3662 1371 3731 Κισαμῶν(σειῑο
1380 3660 1511 3712 Cisarnum
1523 3659 1735 3729 promontorium

127 3732 274 3805 ἆμ-Ῥῑῑρίτῃς
289 3738 321 3796 0,
337 3732 489 3803 dpptrpltfflt
510 3737 554 3794 Cb
572 3730 721 3801 appiam,
743 3740 804 3784 oell·
820 3731 910 3797 rodel,
956 3752 983 3793 et
996 3740 1050 3793 duo
1063 3742 1158 3792 Cisami
1170 3739 1266 3812 oppida
1280 3741 1308 3791 in
1322 3739 1373 3791 hoc
1386 3736 1475 3789 insulae
1489 3746 1573 3788 tractu
1587 3736 1733 3801 norimus).

127 3814 180 3865 nisi
192 3813 267 3883 quod
280 3812 341 3882 ἐμοὶ
354 3812 443 3882 τρίταις
455 3811 552 3882 prabet
562 3830 586 3862 ο.
603 3812 612 3878 ll
625 3840 660 3849 -
673 3826 731 3865 100.
745 3826 769 3861 τε
778 3810 875 3863 excidit
885 3812 911 3862 in
956 3820 1093 3887 vulgatam
1102 3819 1347 3889 expressitnvienus
1360 3822 1406 3869 τοι
1422 3814 1567 3885 (Μοοιίονι
1574 3812 1733 3879 abstentis),

127 3892 320 3961 ΗΧῐΤυρρηἸῇ
329 3909 388 3959 ingo
400 3892 452 3950 Um
463 3888 613 3959 πληθυοῦσῃ]
625 3888 699 3941 Solus
707 3888 749 3940 hic
761 3890 833 3939 sinus
845 3890 913 3941 inlet·
956 3896 1001 3949 sed
1015 3899 1050 3949 ita
1064 3906 1093 3949 ui
1107 3896 1155 3949 aba
1171 3913 1277 3966 prorsus
1294 3912 1372 3965 quam
1389 3893 1530 3962 Dionysius
1541 3890 1654 3944 effa-m,
1678 3892 1735 3942 Pri.

127 3988 223 4023 ornnes
235 3974 314 4025 maris
327 3972 421 4023 interni
441 3980 526 4041 partes
542 3978 622 4032 astu,
639 3968 735 4021 Oceani
749 3968 775 4019 iu
792 3968 909 4033 modum,
957 3977 1060 4027 scianus
1072 3977 1183 4027 correxit
1192 3974 1230 4025 rel
1236 3973 1290 4043 jam
1301 3981 1447 4025 correctum
1457 3971 1490 4022 ab
1501 3970 1588 4039 aliquo
1600 3970 1733 4038 repperit:

127 4048 254 4113 afficitur,
271 4059 334 4101 teste
351 4050 491 4111 Strabonc;
505 4048 575 4100 unde
595 4046 664 4118 apud
679 4048 836 4099 Horatium:
854 4050 911 4099 lm·
960 4052 1004 4105 Ἐκ
1027 4055 1049 4105 δ’
1072 4054 1149 4124 οὔρων
1171 4052 1293 4114 Σικελῶνς
1315 4070 1374 4104 nam
1390 4052 1466 4102 vertit
1480 4049 1591 4101 Finibus
1605 4048 1735 4101 osiridis

126 4129 241 4181 emedior
253 4128 349 4181 Adria.
370 4130 380 4197 Ι]
397 4159 433 4169 -
450 4146 507 4183 τοι.
523 4127 537 4193 ἡ
551 4128 605 4197 μία]
625 4153 635 4172 ι
654 4128 776 4197 Suspicor
788 4127 912 4195 inoppor·
956 4137 1084 4188 Cretoeunr
1103 4132 1221 4185 tenditur
1236 4130 1434 4202 requor'ffinen
1450 4146 1512 4180 vero
1533 4126 1639 4193 intelligi
1654 4126 1737 4179 voluit

127 4217 225 4259 tunurn
236 4208 306 4259 istud
317 4207 332 4273 ἡ
343 4207 565 4278 pervulgatissimo
577 4204 735 4275 compendio
748 4222 801 4256 csse
811 4214 909 4267 ortum,
955 4211 1040 4267 Siculi
1050 4211 1131 4264 mais
1141 4220 1167 4262 et
1180 4209 1297 4279 cretici),
1312 4206 1392 4276 Quod
1403 4218 1430 4260 et
1438 4206 1573 4259 obscurius
1582 4204 1683 4255 dictum
1698 4205 1736 4258 έο-

127 4286 200 4356 quod
218 4286 259 4339 καί
273 4298 298 4339 et
312 4284 327 4353 ἦ
340 4304 400 4339 raro
415 4286 476 4337 sinit
492 4286 558 4337 inter
571 4302 598 4347 se
620 4284 741 4336 discerni.
760 4308 771 4329 ν
788 4284 878 4339 Bernh.
899 4286 909 4353 Ι]
955 4299 994 4341 ret
1004 4300 1031 4341 et
1042 4290 1069 4341 in
1080 4299 1155 4359 p‹›eta
1167 4289 1334 4342 vehementer
1342 4287 1482 4355 langueret.
1494 4281 1676 4351 Bernhardyus
1686 4284 1735 4333 mi·
1779 4318 1783 4323 -

126 4363 414 4435 -1οα.ΤυρρηνὴΑιι;
423 4364 539 4433 Τνρῦηνίς
550 4365 598 4423 Li:
606 4384 612 4425 ;
619 4362 777 4441 Τυρσηνίην,
788 4364 910 4416 Ceterum
957 4369 1008 4419 rari
1023 4367 1126 4420 videtur
1140 4368 1271 4420 neminem
1281 4366 1330 4419 loci
1341 4367 1422 4417 nostri
1432 4366 1559 4417 rationem
1569 4360 1732 4413 intellexisse.

127 4442 168 4495 his
186 4445 329 4495 verborum
344 4442 494 4511 ambagibus
516 4441 579 4494 nihil
593 4442 664 4493 aliud
685 4442 843 4509 significatur
862 4443 911 4493 nisi
956 4447 1046 4515 Ipsum
1059 4446 1080 4497 si
1092 4445 1196 4509 audias,
1209 4444 1303 4497 Cretici
1314 4444 1425 4506 fluctus,
1440 4456 1554 4511 quornm
1573 4448 1599 4489 et
1619 4439 1734 4508 recipro-

126 4522 298 4591 Tprrbcnum
310 4520 794 4585 mareaboccasu,Siculumameridic,
804 4519 910 4573 ndi-iam
955 4524 1023 4575 catio
1036 4524 1181 4595 proverbiis
1195 4523 1335 4585 terebatur,
1349 4530 1376 4573 et
1387 4530 1484 4573 tractus
1495 4534 1555 4569 cum
1568 4516 1659 4568 vicinis
1681 4533 1735 4567 ma·

128 4600 234 4653 abortu
246 4620 312 4656 esse.
336 4606 554 4669 Atqneeoscnsu
565 4598 718 4669 Dionysium
729 4600 912 4669 interpretatur
955 4600 1029 4653 ribus
1049 4600 1174 4655 confusus
1196 4618 1243 4651 nec
1260 4608 1383 4651 accurate
1404 4596 1541 4647 distinctus
1563 4597 1600 4661 (v.
1626 4595 1734 4645 Meursii

127 4680 264 4741 Avienus,
289 4696 373 4746 neque
395 4678 470 4731 aliam
504 4678 743 4747 interpretationem
769 4676 911 4729 admittunt
931 4700 934 4723 ι
955 4678 1040 4732 Creta.
1053 4697 1079 4749 p.
1092 4679 1136 4746 93)
1151 4678 1177 4730 in
1191 4678 1377 4747 septentriones
1386 4683 1614 4742 ortumquesupra
1623 4670 1733 4727 insulam

128 4756 209 4808 rerba
219 4752 395 4827 λδριὰςεόρον,
408 4757 507 4809 Eodem
519 4755 910 4825 modovs.401poetaSiculum
931 4724 934 4824 l
955 4756 1094 4820 tendebat,
1108 4774 1170 4824 vaga
1181 4754 1294 4825 quadam
1307 4754 1412 4815 Siciliae,
1427 4770 1485 4823 qua
1499 4752 1627 4803 montium
1642 4764 1734 4819 perpe·
1792 4798 1797 4805 .

128 4836 354 4905 marercphyrum
365 4844 482 4896 scritum,
494 4835 608 4901 AEgarrm
621 4844 793 4885 mar-cetarum
805 4844 910 4886 ventum
931 4829 934 4858 ’
955 4837 1046 4887 tuitatc
1063 4834 1258 4904 circumscripta
1276 4845 1314 4886 est
1336 4845 1362 4885 ct
1381 4832 1503 4895 suffulta,
1518 4832 1653 4897 Cretarpre
1665 4827 1734 4878 desi-

127 4910 226 4964 babere
239 4912 320 4977 dicit,
336 4928 363 4965 ut
382 4913 509 4965 indicaret
534 4911 597 4964 illud
618 4912 651 4964 ab
674 4928 783 4973 ocmsu,
804 4911 853 4962 hoc
876 4912 909 4963 ab
931 4967 933 4996 1
955 4914 1077 4982 guntione
1099 4912 1367 4982 comprcbcnduntur.
1388 4912 1452 4979 Quae
1473 4911 1515 4959 vix
1536 4908 1656 4975 cuiquam
1677 4921 1736 4974 per-

127 5002 189 5043 ortu
202 4992 331 5045 Graeciam
348 4992 452 5046 allucrc.
466 4990 563 5044 Similia
576 4973 654 5042 llabcs
665 4992 743 5042 etiarn
760 5008 796 5043 vs.
812 4990 863 5056 930
876 4989 909 5042 de
931 5024 933 5044 ι
955 4993 1080 5055 suaserit,
1094 4992 1238 5061 prasertim
1250 5008 1331 5060 ιμιυιιι
1343 4989 1422 5043 Siculi
1434 4990 1512 5041 nuans
1525 4988 1650 5038 terminos
1669 4985 1735 5037 benc
1835 5014 1838 5021 ·

127 5070 244 5123 Arabico
253 5072 349 5122 mariet
360 5072 472 5132 Persico,
484 5087 597 5139 quorum
608 5070 657 5120 hoc
668 5068 701 5119 ab
714 5078 790 5130 ortu,
805 5068 866 5119 illud
877 5070 910 5121 ab
930 5051 933 5130 l
954 5070 1097 5139 Dionysius
1111 5069 1248 5122 definierit.
1262 5072 1354 5139 Itaque
1367 5069 1503 5121 lectionem
1517 5066 1614 5117 codicis
1627 5083 1654 5123 e,
1669 5062 1733 5132 ρόιον

126 5166 221 5201 occasu
243 5150 367 5203 Arabiam
384 5147 467 5204 alluit.
486 5149 629 5203 Fluxerunt
643 5146 697 5199 lucc
710 5166 724 5199 c
735 5147 911 5200 Timosthenis
953 5149 1072 5211 Σικελῶν,
1091 5148 1244 5213 fluentorum
1261 5147 1413 5211 Siculomm,
1423 5150 1441 5200 i.
1451 5166 1476 5199 e.
1491 5144 1574 5199 niteris
1587 5142 1671 5197 Sicrel'
1686 5140 1732 5205 (cl.

126 5217 242 5293 ratione,
264 5215 308 5298 ιμιί
334 5231 412 5280 situm
439 5229 575 5295 regionum
599 5236 735 5279 ventorum
759 5226 908 5279 nominibus
929 5267 932 5287 ,
955 5244 991 5280 rs.
1009 5226 1501 5297 85,Σικιλοςρόος),ιειιῑεοιίαε,ιμειιιι
1519 5223 1590 5276 locus
1603 5216 1731 5290 postulat,
