3884 5925
209 406 266 457 ur
862 401 1134 490 ronusoams

167 501 278 579 Adicia
293 533 417 589 vocatu,
432 522 466 577 da
479 542 532 596 qua
549 527 626 581 rastis
643 528 699 581 erit
716 529 853 583 nominata
869 546 928 601 quar
940 529 981 583 di·
1025 532 1097 603 regio
1106 532 1209 603 optima
1222 541 1248 583 et
1261 529 1335 584 valde
1348 532 1396 584 sihi
1421 529 1567 593 sufficiens,
1582 530 1670 583 oleum
1686 534 1799 586 multum

207 611 277 663 citur
288 609 447 666 losodioem
1027 617 1123 671 iaciens
1137 628 1165 672 et
1174 619 1275 688 replens
1287 618 1349 671 alias
1362 619 1489 687 regiones.
1519 622 1592 671 Duas
1606 618 1684 671 habet
1697 622 1799 688 Pergen

242 695 288 759 43.
311 696 382 747 Huic
404 696 524 766 asperius
543 698 668 751 Armenia
690 673 781 751 Aiiuor
802 697 980 770 cunjungitur,
1025 702 1141 757 etSiden
1154 701 1302 775 splendidas
1311 703 1438 757 cirratas

207 782 581 852 quaequitesusagittarios
592 784 667 837 utiles
678 784 769 838 mittit.
1060 792 1105 851 46.
1130 790 1192 861 Post
1213 786 1281 841 hanc
1305 789 1384 857 Lycia
1406 786 1479 855 regio
1497 786 1546 841 sibi
1568 784 1699 839 sullicicns
1723 786 1805 841 habet

197 888 202 919 2
244 869 288 929 44.
302 865 750 937 DeindePaphlagoniaetPontus,
766 872 908 940 quaeritas
916 873 980 925 emi-
1026 882 1144 925 montem
1162 874 1307 924 marimum
1323 873 1429 925 nomine
1443 874 1604 936 Caucasum,
1626 889 1680 941 quo
1693 890 1745 923 non
1761 882 1805 925 ast

206 962 300 1005 nentes
312 962 339 1007 et
351 952 445 1005 divites
453 953 549 1006 habent
554 955 856 1027 sicutti'appadooeaet
864 957 979 1022 Galata
994 940 1103 1021 ιιιίι,
1120 955 1247 1025 utajuat,
1262 954 1401 1053 majorsub
1412 957 1487 1011 coelo.

206 1036 326 1091 doctrina
335 1039 696 1108 quoquaetomnibusbonia
709 1053 807 1096 ornata
825 1053 901 1108 suut,
919 1062 980 1097 mu·
1061 1046 1106 1109 47.
1123 1043 1186 1093 Post
1199 1041 1307 1111 Lyciam
1319 1041 1519 1104 ιιιιιιὶιιιιιιιιι,
1533 1038 1724 1110 quaeomnibus
1738 1060 1804 1111 pro-

207 1125 282 1179 iiem
309 1143 372 1179 vero
391 1126 471 1179 nimis
491 1124 615 1180 candidas
636 1126 734 1181 labem
760 1140 788 1182 et
813 1132 885 1183 viros
915 1147 981 1200 pru·
1025 1128 1232 1191 vinciisemiuet,
1246 1126 1702 1189 ethabetinnumerahilescivitatcs,
1716 1127 1802 1179 maxi·

206 1211 299 1267 dantes
324 1224 352 1267 et
376 1212 452 1267 valde
474 1212 580 1278 fideles,
606 1224 708 1267 natm
727 1215 797 1269 inse
810 1215 913 1270 bonum
932 1216 980 1269 ha·
1025 1229 1079 1265 mas
1093 1228 1156 1265 vero
1177 1221 1204 1263 et
1225 1212 1294 1265 circa
1317 1228 1387 1265 mare
1408 1210 1501 1263 multas
1527 1208 1634 1281 quidam
1657 1210 1751 1272 habet,
1767 1229 1803 1263 ex

206 1298 307 1353 hantes.
1025 1296 1122 1367 quibus
1143 1295 1277 1366 Ephesum
1302 1295 1438 1349 namimre
1458 1296 1631 1349 necessarium
1649 1305 1728 1365 puto;
1743 1294 1804 1347 haec

240 1383 287 1445 46.
302 1385 366 1437 Ροιι
376 1383 491 1437 Ciliciam
505 1383 764 1453 [oc]aurrit1sauria,
774 1383 977 1453 quaeuiroslor·
1024 1393 1131 1454 portum
1145 1382 1241 1437 habere
1253 1380 1350 1435 dicitur
1372 1382 1544 1453 precipuum.
1565 1380 1690 1432 Similiter
1708 1390 1802 1432 autern

206 1478 246 1521 ιιι
260 1478 287 1522 et
299 1469 481 1521 latrocinantes
493 1469 599 1521 emittit.
620 1469 682 1521 Post
694 1486 774 1539 quam
780 1480 819 1522 eat
827 1469 981 1541 Pamphylia
1024 1478 1051 1521 et
1062 1468 1174 1537 Smyrna
1185 1467 1274 1519 civitas
1287 1464 1432 1537 splendida.
1447 1466 1529 1535 Regio
1543 1475 1630 1519 autem
1646 1474 1700 1516 tota
1715 1464 1803 1533 frugi-

165 1701 271 1769 BQuae
287 1712 314 1756 et
336 1702 466 1756 civitatem
486 1704 627 1756 maximam
646 1703 743 1757 hahere
764 1703 862 1757 dicitur
882 1703 979 1758 laodi-
1024 1705 1111 1757 sinens
1135 1704 1295 1767 orationem,
1319 1702 1374 1772 jam
1400 1702 1523 1773 incipiam
1545 1713 1679 1773 sequentia
1700 1702 1800 1754 dicere.

205 1791 271 1843 ciam
282 1827 289 1852 ,
302 1806 362 1859 quae
374 1800 470 1841 vestem
484 1790 564 1843 solam
578 1800 605 1843 et
618 1792 779 1845 nominatam
790 1791 906 1855 emittat,
920 1808 980 1861 que
1059 1790 1102 1853 45.
1121 1791 1187 1842 Sunt
1200 1792 1270 1842 enim
1284 1790 1339 1843 haec
1350 1788 1548 1843 mediterranea.
1563 1790 1696 1856 Quoniam
1711 1800 1801 1840 autem

204 1875 243 1927 sic
255 1883 363 1926 vocatur
376 1872 533 1927 laodicens.
1024 1878 1196 1930 necessarium
1209 1885 1247 1928 ast
1258 1876 1403 1945 siguificare
1414 1886 1499 1946 partas
1508 1876 1712 1947 propinquantes
1722 1877 1803 1931 mari.

241 1958 286 2020 43.
311 1956 414 2010 Deinde
433 1957 511 2027 hujus
532 1975 610 2029 supra
633 1961 758 2013 Armenia
781 1963 881 2030 Minor,
899 1978 978 2031 quam
1024 1964 1119 2015 iterum
1133 1972 1221 2016 autem
1232 1960 1266 2015 de
1280 1961 1369 2015 Cilicia
1381 1972 1420 2015 est
1431 1972 1457 2015 et
1469 1963 1569 2015 Isauria
1575 1978 1654 2031 ,quae
1664 1962 1732 2013 viros
1745 1960 1801 2013 lor-

204 2044 304 2113 equitea
328 2053 355 2095 et
374 2044 519 2112 sagittarios
544 2054 666 2116 praestare
684 2044 759 2115 ay'unt
784 2048 860 2101 utiles
873 2046 908 2101 ad
926 2046 980 2099 bel-
1025 2059 1063 2101 tes
1076 2048 1172 2102 habere
1191 2049 1304 2113 dicitur;
1314 2048 1486 2102 etlatrocinia
1498 2046 1640 2117 aliquando
1652 2048 1735 2099 facem
1753 2065 1802 2099 oo·

203 2128 270 2181 lum
1025 2136 1080 2187 nati
1094 2144 1172 2197 sunt,
1188 2134 1269 2201 magis
1283 2150 1345 2185 vero
1358 2144 1384 2186 et
1397 2132 1537 2186 adversarii
1550 2135 1728 2187 Romanorum
1741 2149 1804 2187 ease

240 2218 284 2277 44.
304 2212 407 2266 Deinde
422 2214 598 2285 Paphlagonia
609 2226 638 2269 et
655 2218 755 2270 Pontus
773 2219 889 2270 virorum
910 2216 978 2272 diri·
1026 2218 1178 2281 voluerunt,
1194 2216 1240 2270 sed
1254 2234 1308 2270 non
1321 2228 1465 2287 potuerunt
1482 2218 1609 2271 inviotata
1625 2234 1722 2271 nomen
1741 2219 1801 2269 rin·

203 2309 262 2352 tum
274 2299 400 2353 hahitatio
412 2310 439 2352 et
452 2300 527 2353 valde
542 2303 730 2367 eminentium,
744 2304 863 2356 similiter
877 2304 978 2375 Cappa·
1026 2320 1095 2355 cere.
1108 2305 1171 2355 Post
1181 2318 1261 2371 qnam
1273 2311 1313 2353 est
1325 2300 1493 2373 Pamphylia,
1510 2302 1582 2369 regio
1595 2302 1695 2371 optima
1708 2312 1735 2355 et
1747 2301 1801 2352 sibi

203 2383 313 2437 docilius
325 2394 352 2437 et
363 2384 497 2449 Galatis,
489 2402 518 2437 tn
531 2384 652 2439 domrina
665 2398 805 2457 quoquest
815 2389 843 2439 in
856 2388 979 2441 omnihus
1023 2386 1168 2451 sufficieru,
1188 2386 1275 2439 oleum
1291 2397 1379 2439 autam
1398 2386 1511 2442 multum
1527 2386 1621 2442 tactem
1639 2396 1666 2439 et
1681 2386 1743 2442 alias
1756 2402 1801 2439 re-

203 2466 290 2524 bonis.
303 2470 338 2521 Et
350 2468 472 2521 mulieres
484 2471 611 2541 speeioeas
625 2470 767 2542 [lauat]
783 2472 899 2525 Historia
915 2488 980 2525 raro
1023 2473 1112 2541 gisnes
1125 2471 1244 2541 implens.
1257 2470 1340 2525 llabet
1348 2480 1435 2525 autam
1447 2470 1513 2527 duas
1525 2473 1641 2527 ciuitates
1649 2470 1805 2542 splendidas

203 2551 238 2605 de
249 2554 280 2605 iis
293 2552 358 2607 dicit
369 2553 499 2623 speciosas
510 2570 567 2607 esse
583 2562 611 2607 et
622 2553 746 2609 candidas
763 2556 858 2620 nimir,
875 2566 906 2609 ut
918 2558 980 2611 risa
1023 2558 1122 2625 Pergeu
1131 2565 1158 2609 et
1168 2555 1256 2611 Sidera.

203 2636 260 2689 dee
271 2654 328 2689 esse
342 2647 478 2707 putentur.
493 2639 572 2691 Viros
584 2640 672 2709 itaque
684 2639 815 2710 praedicta
826 2642 978 2711 provinciar-
1059 2644 1105 2705 46.
1118 2642 1182 2693 Ροιι
1192 2640 1260 2693 hanc
1277 2641 1357 2710 Lycia
1367 2641 1439 2709 ragio
1456 2638 1507 2693 sibi
1516 2638 1662 2703 sufficiam
1674 2649 1702 2693 at
1719 2639 1801 2693 habet

202 2739 255 2792 que
277 2733 305 2775 ιι
325 2724 457 2787 civitates,
480 2723 533 2777 hoc
553 2735 593 2777 est
605 2727 705 2779 Pontus
722 2737 749 2779 et
766 2727 940 2797 Paphlagonia
951 2737 979 2781 et
1023 2736 1141 2779 montom
1160 2727 1303 2779 marimum
1318 2726 1365 2796 qui
1386 2726 1515 2779 Caucasus
1526 2725 1632 2791 dicitur,
1647 2742 1701 2795 quo
1715 2725 1802 2795 najo-

202 2807 304 2861 Gaiatia
317 2817 345 2860 et
355 2807 536 2878 Cappadocia,
546 2809 643 2862 habent
651 2811 710 2882 (et)
722 2810 864 2881 pandentes
873 2813 976 2880 (viros).
1023 2828 1079 2863 rem
1096 2809 1146 2862 sub
1158 2810 1225 2863 crac
1238 2827 1292 2863 non
1303 2828 1358 2863 me
1372 2808 1456 2880 ajunt.

202 2895 230 2947 Si
242 2904 331 2947 autam
343 2894 383 2946 ris
393 2904 420 2947 et
432 2893 598 2965 prudentiam
610 2897 727 2950 virorum
738 2897 844 2960 audire,
854 2900 940 2969 aspice
950 2899 978 2951 in
1057 2900 1101 2966 47.
1116 2899 1179 2950 Post
1192 2898 1297 2968 Lyciam
1310 2897 1394 2949 Caria.
1404 2898 1439 2951 Et
1449 2898 1486 2949 sic
1497 2906 1537 2949 est
1545 2897 1658 2949 maxima
1672 2896 1729 2949 Asia
1737 2914 1803 2967 quae

202 2981 258 3034 duo
272 2982 396 3034 comitata
407 2983 523 3038 Orientis
539 2999 647 3053 quoque
659 2995 685 3036 et
703 2984 854 3038 Occidentis
859 3003 868 3049 ς
882 2985 978 3038 multos
1022 2983 1119 3036 eminet
1131 2983 1158 3035 iu
1172 3000 1277 3036 omnem
1292 2982 1454 3053 provinciarn
1467 2993 1494 3034 ιι
1504 2981 1582 3036 habet
1591 2983 1706 3036 civitates
1716 3000 1800 3036 annu·

202 3066 240 3119 ibi
251 3067 366 3119 invenies
381 3066 500 3137 (quam)
509 3069 538 3120 in
551 3069 607 3120 aliis
617 3069 766 3123 raritatibus
778 3081 825 3123 aut
836 3071 978 3141 provinciis
1021 3069 1173 3133 mer-abiles,
1187 3070 1316 3122 muiaaaa
1330 3085 1392 3122 vero
1405 3078 1433 3122 at
1444 3067 1479 3121 ad
1495 3085 1567 3122 mare
1580 3067 1675 3122 multas
1688 3067 1800 3138 quidun

201 3151 338 3222 quomodo
351 3155 474 3206 Ponticas
486 3163 532 3207 aut
544 3154 721 3224 Paphlagonas
732 3166 760 3208 et
775 3155 978 3226 Cappadocasat
1022 3154 1117 3220 hahet,
1133 3156 1276 3226 exquibus
1295 3157 1433 3210 nominare
1451 3153 1518 3208 duas
1534 3155 1710 3208 umatum
1727 3165 1767 3207 eat
1789 3173 1797 3209 ι

200 3237 318 3301 Galatam
332 3247 470 3307 propterea
481 3247 508 3291 et
520 3240 641 3317 temptari
652 3257 700 3311 per
711 3257 757 3292 eos
765 3239 884 3309 jussione
896 3240 977 3310 impe·
1021 3241 1153 3311 Ephesum
1166 3255 1273 3310 quoque
1285 3257 1343 3310 qun
1358 3249 1465 3310 portum
1477 3241 1638 3310 precipuum
1651 3238 1747 3292 habore
1756 3233 1799 3290 di-

200 3331 319 3374 ratnram
332 3323 435 3390 negotia
446 3331 556 3393 putaut3
571 3332 635 3375 aunt
643 3324 715 3375 euim
725 3323 801 3377 valde
810 3323 918 3395 fideles,
929 3324 976 3377 de·
1021 3327 1099 3388 citur,
1107 3325 1225 3378 similiter
1231 3335 1318 3378 autern
1328 3325 1440 3394 Smyrna
1448 3333 1475 3376 st
1482 3325 1536 3394 ipsa
1547 3322 1638 3376 civitas
1649 3322 1797 3392 splendida.

199 3407 288 3458 vitia*
300 3417 401 3459 natura
410 3406 510 3460 honum
523 3407 552 3460 ln
563 3407 738 3473 salrabeutea3
748 3408 938 3479 sicmay'orihns
950 3420 977 3464 et
1023 3411 1105 3479 Regio
1125 3420 1210 3462 autern
1229 3419 1285 3462 tota
1302 3407 1351 3462 lata
1365 3419 1392 3462 et
1414 3407 1538 3476 imgisera
1560 3407 1587 3460 iu
1609 3410 1697 3462 omnia
1711 3408 1795 3473 bona,

200 3489 353 3544 melionhus
364 3490 493 3563 prolicere
505 3501 643 3562 urgentur.
658 3493 710 3546 ilie
728 3503 817 3547 ιιιιιιιι
829 3492 863 3547 ιιι
874 3493 915 3548 lais
928 3494 976 3548 de·
1021 3495 1083 3550 rina
1098 3497 1184 3560 varia,
1195 3494 1299 3558 oleum,
1311 3493 1457 3559 hordeum,
1473 3511 1617 3565 purpuram
1628 3494 1736 3556 bonam,
1747 3494 1796 3546 ali-

198 3735 260 3784 τῶι.
272 3730 365 3799 ΙΙ-ιιι
377 3731 400 3786 Β
413 3727 497 3782 codex
509 3745 517 3782 ε
530 3740 557 3782 et
568 3727 681 3784 alionum
692 3730 739 3801 qui
751 3730 844 3784 delium
859 3731 975 3804 proruta
1020 3731 1197 3806 Cappadocia,
1208 3732 1331 3802 inquam,
1344 3731 1459 3798 Galatia,
1470 3732 1657 3804 Paphlagonia,
1673 3733 1766 3785 Ponto.
1780 3757 1792 3778 ι

198 3827 256 3880 quar
268 3807 389 3875 Prigium
400 3818 425 3860 et
440 3811 582 3876 Gregorum
594 3808 810 3862 conscribentium
866 3809 975 3882 quasia
1020 3811 1161 3863 Goruora.
1178 3809 1189 3877 ΙΙ
1200 3808 1276 3860 -de
1290 3808 1324 3861 iis
1337 3807 1404 3862 dicit
1416 3809 1455 3862 vel
1469 3829 1512 3862 eas
1525 3809 1603 3882 dicit]
1619 3809 1650 3862 de
1668 3829 1713 3862 cas
1727 3809 1797 3862 dicit

200 3897 310 3940 ansatur
320 3885 480 3938 Modiciam.
1021 3885 1081 3941 cod.
1100 3885 1238 3956 ]-uirus
1251 3885 1348 3957 itaque]
1362 3887 1424 3939 Haec
1436 3887 1457 3938 si
1471 3898 1540 3940 recte
1551 3887 1661 3951 hahent,
1676 3889 1702 3940 in
1720 3903 1792 3958 seqq.

234 3965 313 4034 543.
335 3963 516 4016 «Armeniam
539 3962 665 4033 Majorem
680 3965 779 4018 omittit
795 3974 896 4029 auctor,
913 3966 974 4035 quia
1020 3963 1098 4018 rerba
1116 3974 1183 4018 et...
1198 3962 1270 4015 uiros
1284 3961 1428 4016 abundant.
1442 3965 1561 4016 Fortasse
1581 3963 1658 4016 tuit:
1683 3963 1796 4014 Viriosoe

197 4041 254 4094 haec
265 4058 342 4093 suum
361 4059 447 4110 regern
460 4050 524 4093 tunc
543 4041 656 4095 habehat
676 4045 801 4095 Romanis
819 4044 943 4097 amicum.
959 4064 970 4092 r
1021 4043 1108 4113 itaque
1118 4051 1168 4095 etc.
1184 4041 1196 4109 ΙΙ
1209 4041 1393 4111 -pmvr'aetae
1405 4059 1462 4112 quus
1474 4053 1500 4093 rt
1511 4041 1652 4094 ciuitatum
1661 4040 1722 4094 cod.
1738 4042 1796 4108 ΙΙ-

198 4120 340 4172 Goraora.
356 4119 368 4187 l]
382 4122 448 4184 -S
467 4122 500 4181 ιι
523 4121 555 4173 B.
577 4119 784 4191 Cappadocibus]
807 4119 974 4192 Cappadocus
1018 4119 1154 4188 armilata]
1172 4141 1183 4164 ι
1198 4117 1343 4187 ιιωμιτατον
1356 4135 1406 4190 pro
1420 4116 1795 4188 comitatuseuaulaprincipis

198 4195 259 4248 aod.
274 4198 332 4264 ]]-·
343 4194 509 4266 indocta-iau]
526 4221 538 4244 ι
552 4199 593 4249 De
605 4196 789 4268 Cappadocum
800 4209 827 4251 et
836 4199 974 4252 Caesarien-
1018 4196 1089 4268 apud
1102 4198 1233 4250 Socratem
1244 4212 1349 4266 quoque
1366 4196 1393 4247 ia
1406 4196 1513 4266 epistola
1526 4195 1668 4249 Constantii
1684 4195 1748 4264 imp.
1760 4193 1795 4246 ad

197 4274 267 4327 sium
278 4273 329 4326 hae
340 4283 491 4343 tempestate
503 4273 623 4328 doctrina
633 4274 693 4329 vide
705 4287 732 4330 et
742 4277 884 4331 Libanium
897 4277 971 4330 Orat.
1019 4275 1207 4338 Athanasium,
1219 4272 1265 4326 lib.
1277 4289 1303 4336 a,
1316 4291 1341 4326 c.
1357 4274 1383 4336 3,
1393 4282 1418 4325 et
1430 4273 1605 4344 Epiphaniam
1615 4282 1704 4326 contra
1715 4272 1795 4326 Fhio-

196 4359 232 4406 26
245 4371 272 4424 p.
287 4353 435 4422 29901130
444 4353 506 4405 Vita
515 4369 576 4418 sua,
589 4364 616 4406 et
625 4356 775 4424 Eunapium
792 4356 820 4408 in
830 4353 934 4408 AEdesio
947 4365 974 4408 et
1018 4363 1124 4406 naeoset
1136 4361 1227 4404 contm
1240 4351 1391 4404 Meletianos
1404 4361 1430 4402 et
1441 4351 1468 4404 in
1482 4351 1556 4421 epist.
1570 4349 1604 4404 ad
1616 4348 1794 4406 Alexandrum

196 4432 301 4486 tuliano
311 4429 383 4502 (inde
393 4431 464 4483 enirn
476 4441 585 4501 ιιιιιιιιι
596 4430 659 4497 luit
670 4431 824 4486 AEdesinset
832 4431 971 4498 Julianus)
1018 4449 1111 4504 papam
1123 4429 1193 4501 apud
1204 4427 1317 4482 eundem
1328 4439 1420 4483 contra
1439 4429 1650 4484 Ariomanitas.·
1663 4429 1751 4482 Gora.
1761 4431 1794 4484 Iu

196 4513 264 4564 Sane
283 4509 361 4563 iidem
374 4507 473 4562 iaciunt
491 4519 519 4561 et
531 4526 610 4578 quam
622 4470 729 4580 plurimi
744 4525 860 4580 quorum
877 4509 972 4579 scripta
1017 4529 1090 4582 seqq.
1104 4509 1218 4564 lortamrs
1227 4508 1429 4578 retingendum
1442 4507 1619 4582 multoplures
1629 4505 1794 4560 tttrnventes

196 4597 325 4640 memorat
337 4585 445 4650 Suidas,
457 4584 640 4640 sedetGallus
651 4597 678 4641 et
687 4586 806 4641 Julianus
816 4584 912 4640 enadlti
923 4586 973 4640 hac
1017 4607 1096 4660 quum
1116 4606 1149 4641 aa
1168 4587 1233 4640 aliis
1254 4585 1421 4642 ciuitatibus.
1435 4583 1616 4656 ]]-denitia]
1632 4583 1776 4638 daaaluv'
1755 4603 1794 4638 stc

196 4661 972 4738 tempestate,aunolere329,inll1arcedliopropeCaesaream
1017 4665 1070 4719 dici
1084 4663 1124 4718 rel
1143 4663 1244 4717 divitia
1258 4662 1396 4732 legendum
1415 4680 1470 4716 ease
1490 4664 1591 4716 censuit
1604 4659 1791 4716 Gotholrodus.

196 4743 383 4817 Cappadociae,
404 4753 470 4797 teste
491 4743 641 4806 Ammiano,
661 4745 819 4805 Soaomeno,
840 4740 970 4799 Codreno.
1019 4746 1062 4806 An
1074 4741 1231 4812 devotique?
1243 4740 1417 4809 4-54513
1433 4737 1729 4810 mediterraneu1media
1741 4749 1792 4789 ter·

195 4821 238 4874 Da
257 4823 372 4875 Ponticis
389 4839 415 4872 v.
427 4821 604 4889 Eunapium'
597 4839 624 4873 tn
644 4820 972 4891 Prouesiop.138.De
1017 4838 1079 4872 rena
1099 4818 1160 4872 cod.
1182 4819 1250 4888 ΙΙ-
1267 4821 1281 4886 S
1301 4822 1346 4880 46
1368 4819 1509 4885 Caucasus]
1533 4817 1677 4869 Caucasum
1705 4815 1793 4884 Lyciae

195 4899 446 4953 GalataTlreoaer.
463 4899 633 4969 Eunapiusn
625 4917 654 4952 ιιι
672 4899 813 4969 Jonicop.
831 4900 890 4953 rto.
904 4899 970 4950 Item
1016 4897 1185 4951 aliundanon
1199 4898 1331 4950 novimus.
1344 4901 1386 4949 An
1398 4897 1510 4964 Cragum
1520 4894 1608 4948 dicere
1618 4893 1717 4946 voluttl
1731 4893 1742 4960 ss
1755 4921 1792 4933 -

195 4977 230 5030 ds
252 4977 419 5046 Hellesponto
436 4975 528 5030 Genu
540 4994 567 5030 r.
579 4978 759 5067 Eunapium
751 4995 778 5029 ιιι
797 4974 971 5046 Chrysanthio
1016 4977 1089 5044 47.
1101 4975 1215 5045 amram]
1235 4973 1366 5028 tortitiam
1380 4973 1440 5028 cod.
1454 4975 1484 5035 B,
1499 4971 1574 5042 cujus
1591 4971 1649 5024 loco
1668 4969 1789 5022 hordeum

195 5071 222 5123 p.
237 5067 298 5108 aaa.
308 5053 487 5106 Possetsthrc
496 5051 574 5121 longa
582 5055 678 5124 pagina
692 5051 786 5108 confici
799 5053 949 5106 clarorum
942 5069 969 5104 ιιι
1016 5049 1153 5120 legendum
1175 5053 1275 5106 nutarit
1296 5050 1483 5106 Gotholrcdus.
1497 5051 1558 5118 ]]-
1573 5047 1681 5120 alicam]
1699 5045 1789 5098 alicam

194 5130 361 5184 cedesiabac
374 5139 524 5201 tempestate
539 5131 654 5184 tuorum
675 5149 707 5184 ιι
719 5131 790 5183 hasce
808 5130 950 5202 provinciis
1015 5127 1076 5182 cod.
1089 5131 1119 5182 B.
