3884 5925
230 466 267 516 60
352 504 359 510 .

225 586 321 640 fluvius
333 587 360 639 in
373 587 475 650 sinum,
487 596 583 639 ortusa
596 587 691 640 vertice
700 587 771 640 collis
781 587 919 642 eminentis
929 604 1007 657 supra

225 673 318 728 vallem
340 675 541 746 Chrysorrhoas,
559 675 585 726 in
603 691 657 744 quo
677 673 732 726 dixi
746 675 881 743 antiquam
896 673 1006 743 pharum

225 759 290 812 olim
302 757 381 812 luisse
389 799 397 824 ,
406 770 432 812 et
447 777 462 812 a
477 759 594 812 fontibus
605 760 715 830 pergito
731 758 841 811 meridie
861 757 893 810 ad
906 762 1007 828 septari-

226 847 393 915 trionesflin
412 846 602 916 longitudinem
625 847 730 898 circiter
754 857 869 917 quatuor
884 845 1008 898 miliario·

225 952 286 986 rum
298 955 305 998 3
319 932 380 986 inde
398 932 431 985 ad
443 934 570 986 orientem
584 930 729 1003 procedens
740 933 844 984 circiter
855 942 915 984 octo
924 930 1006 984 stadia

225 1018 371 1088 ingreditur
390 1019 478 1070 sinum
498 1018 671 1088 Myrleanum.
711 1019 792 1069 Omni
808 1018 869 1070 anni
889 1027 1007 1088 tempore

224 1106 283 1156 fluit
296 1102 411 1174 liquidus
426 1115 452 1156 et
465 1103 563 1166 clarus,
585 1121 639 1173 quo
659 1102 757 1155 factum
768 1113 821 1167 est,
837 1112 866 1155 ut
877 1104 955 1159 sinus.
963 1104 1007 1156 bic

138 1197 143 1209 '
223 1209 290 1262 saepe
302 1204 317 1244 a
328 1191 437 1244 dirersis
452 1191 582 1243 habitatus
595 1190 686 1252 fuerit,
705 1192 821 1260 primum
833 1208 848 1242 a
860 1189 1006 1244 Thracibus

223 1278 324 1330 Phineo
338 1278 393 1345 regi
416 1275 541 1340 subditis,
562 1274 658 1328 deinde
677 1294 692 1328 a
715 1277 818 1346 Lyciis,
838 1287 971 1346 postremo
991 1296 1006 1330 a

223 1361 379 1432 Myrleanis,
396 1360 468 1413 unde
483 1363 556 1412 sinus
574 1361 716 1432 appellatus
736 1355 894 1432 Lyciolum,
910 1361 1006 1414 deinde

222 1450 428 1519 Myrleanorum.
466 1447 618 1502 Profuodus
638 1460 676 1500 est
691 1459 718 1500 et
732 1461 885 1518 magnarum
899 1453 1005 1503 narium

222 1551 317 1606 capax,
330 1533 449 1604 undique
470 1533 523 1586 lero
541 1543 623 1620 tutus.
661 1533 703 1587 Ab
724 1545 785 1587 ortu
798 1534 859 1587 solis
873 1547 964 1589 contra
979 1555 1006 1588 se

222 1623 301 1678 habet
311 1626 398 1677 sinum
418 1621 495 1690 νιιῑςυ
510 1623 675 1674 nominatum
690 1622 754 1674 Dios
766 1641 853 1687 sacra;
869 1623 924 1693 ejus
944 1642 1006 1676 saxa

222 1721 284 1763 suot
297 1710 407 1763 obscuro
417 1709 529 1778 Cyanes,
541 1707 587 1760 ubi
599 1717 660 1759 sunt
673 1709 753 1759 totius
763 1708 869 1778 Bospori
880 1711 1006 1763 viciniora

222 1797 318 1852 Ponto.
353 1799 411 1849 lam
427 1813 488 1848 vero
502 1796 548 1848 ubi
569 1795 647 1848 fuerit
661 1793 866 1864 Aphrodisium,
881 1797 953 1868 quod
973 1817 1005 1850 ex

223 1883 352 1954 Dionysio
372 1893 432 1935 ante
448 1883 524 1952 posui
539 1883 607 1934 inter
624 1891 716 1952 portus
728 1880 901 1951 Ephesiorum
912 1894 938 1935 et
953 1887 1003 1955 Ly-

222 1971 343 2024 ciorum?
356 1969 386 2022 ld
395 1970 516 2022 existimo
536 1968 613 2036 luisse
625 1970 733 2040 propius
744 1980 850 2039 portum
864 1971 1005 2040 Lyciorum

223 2073 303 2127 quam
315 2056 499 2126 Ephesiorum.
537 2057 574 2108 Ut
585 2056 657 2118 enim
671 2054 781 2124 Ephesii¹
793 2043 903 2108 Dianam
917 2057 1004 2109 colen-

223 2151 261 2194 tes
274 2141 411 2206 verisimile¹
422 2152 462 2192 est
474 2141 584 2193 Dianam
596 2139 769 2210 Phosphoron
789 2142 906 2209 posuisse
922 2159 1006 2213 prope

222 2237 329 2299 portum
338 2229 519 2297 bosporanum
538 2227 710 2297 Ephesiorum
725 2226 824 2280 dictum
841 2247 846 2282 :
862 2230 897 2281 ita
911 2233 1005 2300 Lycios

221 2313 344 2366 existimo
360 2314 479 2365 statuisse
491 2329 589 2383 propre
599 2323 705 2382 portum
716 2314 756 2364 sui
768 2315 881 2366 nominis
893 2325 1005 2368 statuam

221 2401 349 2462 Veneris,
365 2417 445 2470 quam
458 2398 530 2451 cultu
541 2400 639 2451 eximio
652 2400 889 2471 prosequebantur,
911 2413 941 2454 ut
952 2405 1005 2473 Ly·

222 2489 323 2540 ciorum
334 2489 460 2557 reginam,
472 2488 589 2540 versibus
595 2487 758 2541 decantatam
769 2490 852 2542 Procli
862 2493 935 2562 Lycii
946 2493 1005 2563 phi·

222 2573 333 2643 losophi.
371 2576 456 2644 Prope
473 2575 544 2624 enim
565 2571 702 2643 lllyrelium
718 2574 894 2628 formidabilia
912 2579 1004 2648 praci-

222 2661 302 2730 pitia,
326 2677 441 2729 quorum
471 2660 522 2711 ima
544 2676 604 2729 pars
631 2660 748 2712 subsidet
779 2673 805 2714 et
834 2662 1002 2728 subducitur,

222 2765 325 2800 surrrma
336 2746 484 2817 projicitur,
495 2757 525 2798 ut
534 2746 675 2799 domorum
688 2748 804 2818 projecta
818 2760 895 2814 tecta,
907 2752 1005 2821 quibas

221 2843 307 2886 statua
326 2850 422 2901 araque
435 2834 563 2895 Veneris,
576 2843 605 2884 ut
629 2834 665 2884 ait
679 2834 834 2904 Dionysius,
859 2836 1002 2904 tegebatur.

221 2922 313 2991 ltaque
323 2919 418 2970 rectius
428 2916 654 2989 interpretandum
666 2920 757 2989 putavi
768 2921 934 2991 Dionysium,
944 2941 1004 2977 cum

221 3007 278 3059 ait:
295 2995 337 3055 ἐπ’
352 2999 422 3076 αὐτῷ
443 2998 525 3075 [τῷ]ι
545 2998 632 3073 λιμένι
653 2996 757 3056 Λυκίων
775 3000 915 3078 Μυρίλειόν
933 3002 1004 3073 s’ort,

221 3109 304 3163 supra
313 3091 381 3142 dunc
395 3102 501 3161 portum
513 3092 649 3161 cht'orum
664 3104 704 3145 est
715 3092 877 3160 Myrinam,
890 3114 969 3166 quarn
983 3099 1004 3148 si

222 3178 383 3248 interpretati
398 3178 536 3233 fuissemus
554 3198 560 3232 ε
578 3180 726 3251 posthunc
743 3194 850 3251 portnm
869 3184 1005 3251 Lyciorrrm

231 3274 270 3315 est
284 3262 435 3329 Myrileium
444 3286 454 3326 ,·
464 3282 523 3317 nam
536 3275 592 3317 turn
604 3267 746 3335 Lyciorum
756 3278 847 3336 portus
860 3280 926 3321 esset
935 3275 1014 3339 mag-'

223 3364 273 3400 nus
282 3348 442 3418 Aphosiatis,
452 3359 477 3401 et
487 3348 662 3419 Aphodisium
673 3349 763 3403 fuisset
773 3353 800 3403 in
811 3358 1003 3422 promontorio,

223 3432 297 3503 quod
320 3449 431 3503 parvum
455 3434 609 3504 Aphosiatin
638 3453 764 3505 amagno
782 3437 877 3492 dividit
898 3457 904 3492 :
926 3452 953 3493 at
969 3442 1005 3495 ibi

228 3519 420 3590 Aphrodisium
435 3539 489 3573 non
504 3532 601 3574 tectum
614 3520 704 3575 fuisset
715 3522 872 3579 formidabili
886 3531 1005 3600 praecipi·

226 3605 279 3668 tio;
301 3604 366 3657 illud
391 3607 461 3659 enirn
493 3624 547 3659 non
568 3606 601 3659 ab
623 3608 678 3659 imo
701 3609 866 3676 subducitur,
888 3632 1006 3683 nequeo

225 3710 329 3745 sumum
342 3693 490 3764 projicitur,
501 3694 547 3747 sed
560 3696 684 3765 dirigitur
693 3696 727 3749 ad
739 3699 966 3769 perpendiculum.

223 3859 309 3912 xxii.
330 3862 369 3910 De
385 3858 514 3931 Gypopoli
526 3871 551 3911 ct
566 3859 596 3911 de
615 3860 686 3913 (realis
703 3860 797 3913 Pttaet
812 3873 835 3915 ct
849 3865 943 3931 Amyci
958 3870 1005 3919 ae-

514 3965 520 3973 *
563 3947 658 4017 brycr's.
837 3942 839 3950 ’

223 4158 224 4163 1
258 4091 488 4157 Promontorium,
510 4092 581 4162 cyuod
598 4110 612 4144 a
626 4095 847 4163 septentrionibus
863 4096 960 4152 claudit
970 4102 1005 4152 si·

224 4193 288 4228 num
304 4176 460 4246 lllyrleium,
484 4187 568 4229 totum
582 4196 687 4231 saxeum
706 4189 732 4232 et
746 4197 839 4250 parum
855 4182 935 4236 latum
951 4187 1007 4237 eri-

224 4264 278 4327 stit,
288 4274 318 4315 ut
325 4262 396 4333 quod
410 4264 454 4327 (in
465 4281 589 4333 passuum
599 4264 790 4333 longitudinem
802 4269 860 4339 plus
870 4271 1005 4341 minusve)

223 4349 386 4403 latitudinem
400 4366 523 4420 passuum
537 4369 589 4403 non
604 4352 712 4405 excedat
723 4353 798 4407 aliam
819 4356 1005 4424 ducentorum,

224 4434 301 4486 aliam
321 4444 508 4488 trecentorum.
524 4438 562 4487 Ex
583 4436 667 4488 tribus
684 4439 803 4507 partibus
817 4444 882 4495 mari
894 4455 944 4513 *aut
956 4446 1006 4498 flu-

225 4521 296 4573 mine
305 4520 494 4586 circumdatur,
507 4522 640 4577 ameridie
650 4524 757 4594 quidem
771 4529 829 4581 sinu
838 4530 969 4601 lllyrleano
980 4544 1007 4585 et

226 4608 344 4661 flumine.
364 4608 436 4661 Illius
462 4628 554 4662 mucro
574 4628 628 4663 non
650 4613 726 4665 latior
746 4612 865 4667 ducentis
889 4619 1007 4688 passibus

226 4694 339 4763 cingitur
356 4698 467 4768 Bospori
486 4709 597 4768 angusto
611 4699 715 4752 canali:
730 4711 755 4753 at
767 4701 808 4753 ab'
817 4704 938 4773 aquilone
950 4705 1005 4775 jam

226 4780 363 4833 latioribus
375 4784 466 4852 primis
480 4782 598 4838 faucibus
616 4788 726 4856 Bospori
740 4786 879 4840 clauditur.
900 4791 941 4845 Ab
956 4792 1006 4845 hu·

224 4865 268 4938 jus
287 4867 395 4937 quidem
416 4874 591 4940 promontorii
614 4890 740 4926 mucrone
762 4892 913 4943 progressus
929 4878 1009 4947 paulo

227 4951 339 5023 amplius
352 4956 484 5024 sexaginta
495 4974 599 5028 passus,
615 4956 686 5010 vides
698 4955 754 5028 ejus
769 4959 836 5011 latus
850 4978 957 5031 vergens
975 4963 1008 5016 ad

846 456 1010 518 ntos'rsu
1036 457 1215 517 BYZANTll

1053 587 1151 656 primas
1164 589 1274 657 Bospori
1296 586 1381 640 fauces
1400 599 1428 641 et
1447 591 1562 643 Pontum
1580 587 1691 661 rupibus
1714 591 1838 656 excelsis,

1052 673 1189 742 praeruptis
1206 673 1371 742 propendere
1387 673 1494 727 directis
1507 693 1522 727 a
1535 693 1640 728 summo
1655 679 1838 747 promontorii

1053 758 1148 808 vertice
1160 755 1194 808 ad
1212 759 1278 810 imas
1287 757 1387 811 radices
1404 778 1477 834 mare
1490 763 1660 829 attingentes,
1677 780 1736 832 qua
1751 782 1839 815 reces-

1051 861 1095 894 sus
1105 842 1249 897 admittunt
1256 862 1364 915 parvos,
1375 846 1484 901 refertos
1493 836 1642 917 ingentibus
1650 851 1727 914 saxis,
1738 849 1841 920 abrup-

1052 933 1084 982 tis
1097 949 1130 983 ea
1150 933 1257 1002 antiqua
1270 935 1363 998 ruina,
1378 933 1527 987 desinentes
1540 929 1719 1006 in'spcluocas
1733 939 1841 1007 promi-

1052 1017 1173 1070 nentibus
1184 1019 1295 1090 rupibus
1306 1029 1395 1084 tectas,
1408 1039 1521 1092 quarum
1534 1040 1586 1075 uua
1600 1040 1708 1092 vergens
1723 1023 1758 1076 ad
1772 1024 1839 1076 solis

1050 1115 1139 1156 ortum
1153 1107 1180 1156 in
1194 1123 1285 1159 ornnes
1296 1119 1383 1177 partes
1400 1119 1471 1179 patet
1485 1111 1577 1178 viginti
1595 1093 1713 1181 quinque
1725 1129 1837 1182 passus;

1051 1207 1108 1242 eam
1123 1190 1186 1242 olim
1201 1191 1317 1245 arbitror
1330 1194 1464 1246 Thracum
1486 1196 1627 1263 agrestium
1641 1195 1774 1249 latronum
1787 1197 1840 1249 do-

1051 1275 1176 1327 micilium
1191 1277 1309 1331 naturale
1321 1279 1413 1344 fuisse,
1426 1282 1579 1352 priusquam
1593 1281 1702 1335 edificia
1719 1285 1838 1336 incolere

1049 1362 1183 1415 assuefacti
1195 1375 1290 1440 aesent.
1305 1365 1376 1418 Olim
1388 1367 1499 1436 majorca
1510 1367 1646 1438 speluncas
1658 1367 1736 1422 fuisse
1746 1381 1838 1422 osten·

1050 1446 1116 1500 dunt
1127 1449 1220 1501 crebra
1235 1451 1402 1522 ingentiaque
1414 1463 1546 1510 sanante
1557 1453 1693 1523 speluncas
1707 1454 1838 1525 projecta,

1049 1534 1083 1587 ab
1103 1535 1316 1605 impendentibus
1346 1540 1461 1591 ruinosis
1487 1539 1599 1609 rupibus
1624 1539 1736 1610 abrupta
1758 1540 1841 1610 longa

1050 1624 1175 1692 temporis
1188 1633 1324 1676 vetustate.
1339 1626 1406 1677 Nam
1420 1636 1519 1677 veteres
1526 1626 1641 1677 'l'hraces
1651 1644 1684 1678 er
1695 1626 1839 1681 latrocinio

1049 1707 1164 1760 virentes
1174 1709 1423 1765 externammadeo
1436 1709 1555 1763 crudeles
1572 1710 1659 1762 hostes
1673 1711 1790 1776 fuerunt,
1806 1724 1841 1766 ut

1049 1790 1083 1844 dc
1096 1811 1145 1845 suo
1165 1793 1191 1847 in
1210 1805 1333 1846 externos
1355 1795 1418 1847 odio
1439 1813 1585 1864 cognomen
1605 1793 1727 1849 dederint
1747 1799 1840 1852 Ponto

1050 1896 1103 1930 non
1127 1880 1208 1932 modo
1230 1881 1442 1951 inhospitalitatis
1464 1880 1619 1950 cujusdam,
1642 1883 1688 1934 sed
1709 1889 1836 1955 perpetui

1049 1961 1103 2014 odii
1122 1966 1178 2016 sine
1191 1961 1344 2035 exceptione
1360 1984 1466 2018 ornnem
1488 1967 1724 2035 peregrinationem
1742 1973 1840 2040 pruci-

1049 2047 1150 2113 dcntis;
1168 2041 1268 2108 ἄξεινον
1290 2069 1382 2104 omnes
1397 2054 1576 2123 appellarunt,
1600 2055 1740 2129 Sophocles
1762 2051 1838 2107 ἀπό-

1048 2125 1146 2198 ξεινον,
1157 2137 1315 2208 Lycophmn
1325 2131 1488 2205 κακόξεννον,
1501 2159 1562 2194 cum
1575 2142 1610 2195 ob
1626 2142 1682 2213 ejus
1690 2135 1839 2215 'navigandi

1048 2222 1243 2292 difficultatem,
1257 2236 1316 2278 tum
1330 2227 1365 2279 ob
1381 2225 1499 2296 ejusdem
1513 2229 1612 2281 accolas
1627 2229 1763 2296 barbaros,
1787 2235 1838 2302 qui

1049 2309 1193 2380 Bosporum
1207 2312 1244 2365 sic
1258 2313 1374 2365 clausum
1389 2324 1549 2380 tenuerunt,
1563 2326 1592 2368 ut
1601 2318 1686 2385 poetis
1697 2320 1839 2371 materiam

1048 2393 1169 2447 dederint
1180 2395 1295 2466 fingendi
1310 2409 1396 2468 petras
1405 2401 1520 2470 Cyaneas
1534 2401 1601 2452 inter
1612 2419 1639 2453 se
1649 2405 1815 2456 concurrisse
1826 2444 1836 2468 ,

1049 2498 1144 2550 easque
1156 2491 1216 2533 ante
1229 2485 1351 2535 Jasonem
1365 2502 1482 2553 unquam
1500 2497 1602 2556 apertas
1619 2485 1706 2539 fuisse.
1724 2489 1783 2540 Hoc
1794 2489 1839 2540 in-

1051 2570 1186 2637 terpretari
1201 2586 1341 2633 possumus
1358 2573 1482 2640 utrinque
1497 2572 1610 2624 latrones
1630 2571 1777 2644 Bosporum
1796 2587 1841 2628 to-

1049 2664 1105 2706 tum
1115 2655 1177 2707 olim
1194 2658 1309 2726 Cyaneas
1323 2657 1480 2727 appellatum
1500 2659 1644 2712 accolentes
1666 2661 1840 2731 intercepisse

1050 2742 1198 2808 navigantes
1210 2743 1237 2794 in
1251 2745 1383 2808 Pontum,
1403 2743 1666 2818 commodiorcmquc
1675 2743 1750 2814 juxta
1768 2749 1838 2798 Bos·

1048 2843 1143 2895 porum
1150 2826 1239 2879 sedem
1250 2827 1345 2880 habere
1357 2848 1411 2880 non
1420 2831 1536 2901 potuisse
1545 2828 1578 2881 ad
1588 2829 1745 2883 obsidendas
1754 2833 1837 2886 Ponti
1863 2894 1868 2902 ,

1047 2921 1137 2980 portas
1155 2929 1235 2982 quam
1254 2911 1326 2966 hunc
1346 2913 1433 2966 locum
1455 2915 1535 2966 situm
1557 2915 1585 2967 in
1605 2916 1699 2986 primis
1713 2914 1837 2970 faucibus

1049 2999 1176 3067 Bospori,
1187 2999 1326 3052 habentem
1346 3002 1481 3071 speluncas
1493 3021 1582 3055 saxeas
1594 3003 1731 3067 naturales,
1744 3004 1839 3074 quales

1050 3092 1168 3152 tempora
1190 3084 1230 3136 illa
1245 3085 1427 3155 postulabant,
1450 3105 1508 3157 quae
1526 3087 1586 3139 alibi
1603 3089 1631 3139 in
1649 3096 1706 3139 toto
1724 3088 1837 3159 Bospori

1049 3168 1136 3221 littore
1157 3174 1287 3243 Europaeo
1305 3173 1381 3225 nuttae
1394 3174 1450 3226 aliae
1467 3185 1529 3227 sunt
1549 3193 1629 3244 quarn
1645 3175 1694 3240 bae,
1709 3175 1838 3229 habentes

1049 3257 1200 3326 proximum
1222 3258 1332 3310 flurium
1346 3278 1489 3331 perennem
1509 3271 1536 3312 et
1555 3247 1697 3330 potabilem
1718 3272 1839 3314 tantum·

1049 3359 1117 3411 que,
1132 3354 1246 3411 quantus
1265 3344 1352 3397 nullus
1364 3345 1442 3416 longo
1466 3345 1601 3398 intervallo
1619 3348 1764 3417 reperitur;
1778 3366 1838 3400 non

1048 3430 1220 3493 Scletrineus,
1231 3431 1277 3499 qui
1290 3433 1465 3502 propinquior
1471 3443 1524 3498 est,
1534 3451 1587 3484 non
1598 3434 1676 3485 ceteri
1688 3450 1780 3485 omnes
1789 3434 1836 3486 lit·
1847 3484 1853 3493 ,

1050 3515 1113 3566 toris
1126 3516 1246 3585 Europaei
1261 3514 1372 3584 majores
1387 3518 1509 3569 defluunt
1521 3518 1549 3569 in
1562 3519 1719 3587 Bosporum.
1730 3520 1837 3585 Quam·

1049 3598 1142 3651 obrem
1155 3601 1238 3651 miror
1252 3601 1408 3671 Dionysium
1423 3602 1495 3654 hunc
1510 3602 1678 3671 prateriisse,
1689 3620 1751 3655 cum
1768 3604 1839 3656 alios

1049 3686 1164 3737 minores
1175 3696 1201 3737 et
1212 3696 1267 3738 toto
1278 3704 1349 3738 anno
1362 3689 1471 3741 minime
1486 3706 1615 3759 perennes
1628 3688 1839 3761 haudquaquam

1048 3771 1212 3840 praeterierit.
1228 3771 1275 3823 llae
1291 3789 1370 3845 rupes
1384 3773 1439 3825 suis
1457 3773 1590 3826 radicibus
1610 3774 1645 3826 ad
1662 3792 1734 3827 mare
1747 3774 1837 3828 adhae³

1050 3866 1180 3908 rascentes
1197 3857 1315 3908 eminent
1332 3874 1411 3928 supra
1424 3876 1497 3911 mare
1515 3861 1543 3911 in
1557 3858 1749 3928 longitudinem
1762 3861 1838 3913 mille

1048 3958 1173 4011 passum
1178 3943 1301 4013 praecisa,
1311 3942 1427 4008 directae,
1435 3944 1534 4015 ubique
1542 3948 1611 3997 inter
1618 3964 1646 3998 se
1657 3947 1835 4012 continentes,

1049 4037 1159 4096 excepto
1178 4028 1273 4095 exiguo
1293 4029 1354 4081 sinu
1376 4029 1546 4093 intennedio,
1560 4049 1592 4083 ex
1616 4048 1670 4101 quo
1684 4030 1838 4085 ascenditur

1050 4112 1077 4163 in
1087 4110 1182 4179 jugum
1192 4114 1368 4183 promontorii
1377 4113 1530 4183 depressum
1540 4116 1608 4167 inter
1619 4133 1698 4185 rupes
1710 4118 1838 4186 utrinque

1049 4200 1193 4251 eminentes
1230 4200 1320 4252 multis
1356 4200 1563 4271 projectionibus
1574 4198 1589 4266 ,⁴
1616 4200 1838 4272 subsidentesque

1050 4285 1139 4337 multis
1153 4287 1376 4339 contractionibus
1397 4289 1423 4339 in
1443 4288 1539 4340 multos
1559 4289 1667 4341 vertices
1682 4287 1835 4358 fastigiatus,

1050 4381 1081 4421 ut
1099 4370 1201 4423 castella
1215 4370 1334 4440 quadam
1354 4374 1465 4440 agrestia
1483 4373 1763 4443 praeternavigantibus
1776 4392 1836 4428 esse

1051 4453 1197 4515 rideantur,
1221 4457 1338 4508 turribus
1353 4456 1435 4521 elata,
1459 4469 1567 4528 aspectu
1586 4457 1698 4510 horrido
1711 4468 1737 4509 et
1751 4458 1837 4529 plane

1050 4540 1196 4593 barbarico.
1210 4543 1270 4595 Non
1282 4561 1336 4595 uno
1344 4542 1431 4613 lapide
1446 4544 1494 4597 illae
1510 4554 1630 4597 constare
1642 4542 1775 4608 ridentur,
1787 4545 1836 4597 sed

1052 4626 1219 4679 multitudine
1239 4627 1355 4698 lapidum
1385 4630 1454 4681 inter
1484 4647 1512 4681 sc
1539 4640 1738 4699 compactorum
1763 4639 1836 4683 terra
1852 4617 1856 4628 “

1051 4714 1153 4782 Cyanee
1175 4732 1301 4767 conversa
1324 4717 1351 4767 in
1371 4733 1433 4767 saxa
1446 4714 1562 4783 fragilia,
1582 4724 1708 4767 vetustate
1725 4715 1795 4767 inter
1808 4734 1837 4769 se

1051 4796 1225 4860 cohaerentia,
1240 4799 1344 4867 Cyaneo
1356 4799 1464 4869 quidem
1481 4799 1586 4862 colore,
1602 4798 1649 4851 sed
1669 4800 1837 4868 aliquantum

1052 4882 1141 4945 vario,
1156 4881 1206 4934 alia
1214 4884 1286 4935 enim
1305 4884 1474 4947 obscuriora,
1488 4884 1537 4937 alia
1547 4882 1673 4937 dilutiora
1683 4884 1705 4936 ³.
1720 4886 1774 4936 Has
1788 4904 1836 4938 ru-

1053 4983 1108 5036 pes,
1122 4984 1194 5019 arces
1208 4967 1316 5033 Phinei,
1332 4968 1441 5040 pulchre
1455 4968 1579 5021 describit
1592 4970 1744 5039 Dionysius.

228 5148 276 5203 scd
288 5149 433 5217 Myrinum.
453 5150 463 5217 ll
483 5180 520 5191 —
535 5167 560 5203 a.
580 5158 615 5223 τῷ
632 5150 732 5204 addidi.
755 5156 765 5223 l}
779 5185 815 5194 -
829 5156 854 5207 3.
872 5160 911 5209 Dc
932 5170 1025 5214 natura
1041 5162 1148 5215 borum·
1159 5179 1283 5216 saxorum
1303 5182 1329 5217 ν.
1347 5163 1498 5235 Andreossy
1518 5164 1536 5218 l.
1547 5164 1570 5239 l.
1591 5182 1619 5235 p.
1641 5181 1691 5233 913
1707 5166 1836 5221 Hammer

232 5226 470 5298 Coastcrmiaopolis
485 5246 511 5281 u.
527 5227 572 5281 der
583 5232 727 5301 Bosporus,
745 5242 808 5285 totu.
825 5249 851 5298 a,
862 5252 889 5305 p.
905 5242 966 5307 269.
