3884 5925
209 435 247 486 at
819 427 992 488 utout'su
1014 428 1198 490 at'ztrttu

202 539 981 629 ctiturpromontorioDamalicoadmeriduhumcardinent.
1027 577 1093 615 num
1103 561 1212 617 scaturit
1224 562 1293 617 lons.
1329 563 1703 637 uommrivuuneenjm
1716 569 1812 624 mai·

201 644 261 696 lam
279 661 341 698 reru
363 645 431 696 inter
444 643 498 696 duo
509 645 704 714 promontoria,
727 646 853 698 nimirum
872 646 983 698 alterum
1028 650 1097 702 uisse
1110 651 1266 720 Dionysium
1277 661 1338 704 ante
1350 651 1466 708 vidimus
1481 655 1543 723 :qui
1556 655 1579 706 si
1590 672 1663 708 nunc
1674 655 1814 724 torp-'a-

201 730 326 803 Europae,
340 732 494 802 Bosporium
505 733 678 796 nominatum,
689 741 715 784 et
730 732 838 784 alterurn
849 734 917 786 haiae
930 734 983 786 Da·
1027 752 1077 788 nor
1090 735 1161 800 iluit,
1174 736 1203 790 id
1215 737 1413 792 attribuendum
1429 737 1496 794 sonti
1510 752 1662 795 constructo
1676 743 1704 794 in
1717 741 1813 796 eade·

202 817 291 870 malim
303 817 476 889 appellatum,
489 834 567 888 supra
581 835 651 870 mare
666 817 800 889 paululum
817 820 913 872 eminet
924 837 982 872 sco·
1027 819 1132 890 planitie
1145 821 1222 892 juxta
1235 825 1303 878 viam
1316 822 1480 878 Chalcedone
1497 826 1649 880 tendentem
1661 826 1696 880 ad
1715 826 1811 881 ruben

201 901 422 974 pulusscuparva
433 902 532 954 insula¹
545 901 643 956 distans
653 904 836 972 promontorio
849 904 983 958 Damalico
1025 908 1223 974 Nicomediam,
1252 927 1394 981 peranmm
1433 911 1545 966 fistulam
1581 931 1689 984 quoquo
1721 931 1812 968 vesus

202 990 306 1042 circiter
319 1001 423 1042 centum
437 1007 543 1060 passus,
561 999 615 1044 tota
632 989 712 1042 scr-rue
726 991 895 1061 occupataab
906 1009 980 1058 arce,
1026 1003 1140 1062 quatuor
1159 993 1255 1064 digitos
1281 1005 1413 1066 patentem
1433 995 1568 1066 implente.
1614 999 1685 1050 Fons
1708 1008 1810 1062 autem,

202 1073 329 1126 machinis
342 1074 439 1128 bellicis
449 1077 549 1128 munita
558 1074 592 1128 ad
603 1075 728 1129 arcendas
738 1094 815 1128 naves
827 1077 946 1142 hostiles,
959 1078 981 1130 si
1026 1094 1104 1146 quem
1112 1077 1168 1149 jam
1182 1079 1238 1133 dixi
1249 1082 1375 1134 scaturire
1385 1099 1418 1134 ex
1429 1082 1539 1152 antiquo
1553 1099 1629 1152 aquae
1641 1081 1725 1135 όυοιιι
1739 1082 1811 1136 dive

201 1178 260 1232 quse
277 1164 390 1232 penitius
404 1164 431 1215 iu
449 1166 595 1234 Bosporum
613 1182 645 1216 ex
662 1165 822 1235 Propontide
844 1182 982 1235 erumpere
1025 1163 1192 1233 Euphemiae,
1205 1164 1294 1229 distat,
1306 1165 1396 1220 ascale
1412 1165 1618 1220 Chdoedoneusi
1631 1167 1811 1222 nailleetcevt·

200 1259 368 1312 conarentur,
384 1260 462 1318 atque
475 1249 509 1302 ab
521 1267 551 1301 ca
572 1267 632 1302 arce
652 1248 687 1302 ad
701 1252 913 1320 promontorium
928 1254 981 1304 Da·
1026 1257 1081 1300 tum
1091 1266 1193 1319 passus.
1230 1251 1322 1319 Qualis
1332 1261 1421 1304 autem
1439 1249 1518 1304 luerit
1531 1251 1601 1304 aedes
1615 1251 1683 1306 divae
1700 1253 1811 1324 Euphe-

201 1332 323 1386 malicuut
335 1345 496 1388 transuersus
510 1352 601 1388 murus
616 1353 699 1388 caecus
710 1335 760 1388 suh
771 1354 839 1404 aqua
850 1335 981 1390 obductus
1025 1335 1098 1400 miae,
1118 1338 1210 1406 inqua
1220 1336 1348 1391 celebrata
1371 1337 1420 1390 luit
1437 1337 1554 1409 synodus
1567 1338 1807 1404 Chalcedonensis,

200 1428 271 1484 erat,
287 1419 355 1472 velut
368 1419 488 1490 quadam
499 1420 595 1484 moles,
609 1421 675 1474 ictus
688 1423 895 1492 septentrionum
910 1423 980 1476 cxci·
1023 1429 1050 1472 et
1071 1420 1154 1490 qualis
1173 1419 1229 1491 ejus
1254 1423 1335 1486 situs,
1354 1424 1480 1492 Eragxius
1506 1422 1679 1476 Scholrsticus
1703 1423 1752 1494 (a,
1771 1425 1809 1492 3)

199 1505 290 1574 piens,
317 1506 427 1560 navibus
449 1507 484 1560 ob
515 1507 636 1578 rapidum
658 1507 844 1562 intermedium
869 1509 980 1579 Bospori
1023 1505 1108 1575 ample
1122 1506 1229 1571 scribit;
1242 1524 1301 1578 quae
1316 1525 1364 1578 ego
1381 1507 1496 1561 breviter
1511 1509 1646 1578 attingam.
1666 1509 1809 1562 Sacrorum

200 1592 301 1646 fluxum
315 1595 455 1648 ascendere
470 1595 680 1664 nequeuntibus,
700 1607 857 1666 ventumque
869 1614 884 1648 a
897 1598 980 1667 puppi
1023 1590 1160 1644 hominum
1173 1601 1271 1644 coetum
1284 1593 1321 1646 ait
1330 1592 1450 1646 babuisse
1463 1593 1605 1646 concilium
1616 1594 1644 1646 iu
1653 1592 1809 1665 Eupbemiae

199 1681 407 1750 exspectantibus
425 1683 451 1734 iu
470 1699 503 1736 eo
518 1681 591 1744 loco,
607 1699 685 1753 quem
700 1683 840 1753 Dionysius
855 1693 979 1754 tanquam
1023 1678 1144 1748 martyris
1160 1676 1234 1741 rede,
1249 1675 1382 1730 &stantia
1401 1681 1521 1750 Bosporo
1541 1696 1595 1730 non
1608 1677 1718 1748 amplius
1735 1677 1808 1732 duo·

199 1783 215 1818 c
231 1767 380 1820 carceribus
392 1767 477 1838 inquit
492 1769 610 1820 emittere
624 1767 789 1838 trajicientes.
804 1769 828 1820 ls
842 1769 889 1822 etsi
900 1771 979 1822 tutio-
1022 1763 1072 1816 bus
1082 1763 1187 1828 stadiis,
1206 1766 1256 1818 sita
1273 1765 1300 1818 in
1316 1765 1468 1818 suburbano
1488 1783 1551 1835 agro
1568 1764 1808 1822 Chalcedouicrum

200 1869 255 1906 rem
271 1855 408 1906 stationem
423 1853 567 1918 efficiebat,
581 1865 667 1908 tanen
685 1856 791 1908 avaritia
807 1856 920 1910 nationis
931 1855 979 1910 «tc
1023 1850 1195 1922 Bithynorum
1214 1851 1326 1904 molliter
1344 1852 1452 1915 reclivi,
1472 1863 1503 1905 ur
1515 1852 1677 1906 ambulante
1692 1854 1720 1906 in
1736 1864 1806 1907 tem·

200 1940 323 1996 miuantis
342 1942 419 2013 paulo
434 1954 494 1995 ante
508 1941 611 1994 dirutus
627 1950 680 2004 est,
694 1941 803 2012 ejusque
815 1959 876 1996 sara
899 1953 980 1998 trans.
1022 1935 1095 2006 plum
1115 1955 1168 1989 uon
1190 1939 1302 1990 sentiant
1320 1955 1348 1990 se
1361 1939 1389 1990 iu
1416 1936 1480 1990 illud
1500 1937 1623 2002 subiisse,
1646 1948 1809 2009 repenteque

131 2045 134 2052 ·
199 2025 250 2080 lata
263 2029 290 2081 iu
308 2030 420 2098 privatas
437 2029 627 2082 edificationes.
646 2032 665 2080 Α
687 2031 868 2099 promontorio
882 2034 978 2084 Dama·
1023 2021 1094 2074 velut
1113 2039 1145 2074 ex
1156 2020 1261 2074 sublimi
1282 2022 1386 2093 specula
1405 2021 1522 2094 undique
1538 2041 1646 2094 campos
1660 2021 1711 2076 sub
1729 2041 1807 2096 aspe-

199 2111 266 2176 lico,
282 2112 388 2168 distanti
410 2131 426 2166 a
441 2113 605 2168 Chalcedone
625 2115 704 2183 paulo
722 2116 809 2170 miuus
827 2133 907 2185 quam
928 2118 979 2172 uia
1023 2119 1095 2163 ctum
1109 2107 1239 2179 subjectos
1252 2110 1462 2181 contemplentur
1481 2112 1590 2183 supinos
1602 2121 1628 2163 et
1641 2110 1731 2181 planos
1744 2109 1807 2165 her·

198 2197 324 2262 miliaria,
337 2198 409 2254 littus
420 2209 460 2254 est
470 2198 523 2252 sere
533 2209 617 2254 totum
627 2201 820 2270 importuosum
832 2211 859 2254 ct
877 2217 978 2272 praeru-
1022 2194 1078 2260 bl³‚
1093 2194 1227 2266 frugibus,
1248 2198 1387 2252 arb⁰tlb¹¹⁵
1405 2199 1546 2263 Vitem,
1567 2214 1691 2267 mareque
1708 2199 1808 2268 Pffllm

198 2293 290 2353 ptum,
312 2301 434 2354 mareque
451 2283 526 2353 juxta
544 2283 616 2338 littus
635 2283 778 2349 vadosum,
804 2286 978 2357 mutiBusqnn
1022 2281 1189 2352 tranquillum
1205 2283 1319 2335 violaceo
1333 2283 1495 2353 ccrulcoque
1510 2281 1597 2336 colore
1610 2301 1805 2354 purpurescens

198 2369 248 2423 sub
260 2387 329 2441 aqua
340 2369 479 2424 latentibus
487 2367 687 2438 confragosum,
704 2371 786 2424 utrix
797 2381 899 2426 tentans
910 2372 978 2426 mul·
1025 2366 1058 2420 nd
1078 2367 1166 2420 litura
1177 2367 1301 2422 adludere
1317 2379 1503 2439 umerumque
1520 2367 1648 2439 quiddam
1667 2368 1805 2434 exhibere,

198 2456 231 2508 tis
246 2455 309 2508 locis
322 2456 435 2526 reperire
448 2456 578 2525 potuerim
590 2454 789 2526 applicationem
805 2457 923 2527 sapim
935 2456 978 2512 lit·
1021 2454 1117 2524 partim
1132 2471 1267 2507 murmure
1280 2472 1376 2506 sonam
1388 2453 1509 2507 fluctibus
1518 2453 1654 2506 efferatum
1667 2452 1766 2525 lapillos
1778 2465 1808 2507 et

198 2541 313 2610 turisque
320 2539 466 2611 crepidines
479 2541 506 2594 in
520 2539 578 2611 plus
588 2558 668 2612 quam
681 2542 871 2612 quinquaginta
883 2561 977 2613 passus
1021 2539 1134 2592 conchas
1144 2551 1172 2592 et
1187 2539 1257 2608 algas
1272 2539 1434 2610 provolvere.
1480 2539 1546 2594 lude
1564 2539 1639 2592 addit
1651 2539 1808 2611 Euphemiae

196 2625 511 2697 efferunturprecipite,
524 2636 686 2680 utmcensus
697 2625 813 2680 duremus
824 2629 858 2682 sit
869 2638 896 2682 et
911 2646 977 2698 prm-
1021 2624 1104 2677 aedem
1119 2625 1224 2692 velhoc
1237 2626 1295 2696 ipso
1309 2627 1413 2689 ornari,
1433 2625 1505 2695 quod
1524 2627 1573 2678 sita
1592 2626 1625 2676 sit
1639 2634 1699 2678 aute
1713 2625 1807 2679 oculos

196 2712 459 2784 ruptuscDamalico
471 2713 654 2782 promontorio
668 2729 751 2784 usque
769 2712 803 2765 ad
816 2713 976 2779 valliculam,
1021 2711 1295 2782 commaneamus,
1317 2722 1344 2764 et
1359 2709 1432 2782 quod
1451 2721 1553 2764 constet
1577 2711 1660 2764 trihus
1678 2712 1805 2765 membris

196 2815 255 2869 quse
267 2799 353 2852 sinum
364 2797 460 2860 efficit,
474 2797 521 2850 uhi
534 2815 582 2850 nra
598 2796 704 2850 humilis
715 2808 742 2850 et
749 2798 822 2852 littus
834 2797 977 2852 demissum
1022 2813 1177 2864 magnorum
1188 2796 1358 2850 aedificiorum
1372 2797 1471 2850 ornatis
1481 2795 1652 2868 amplitudine
1664 2807 1690 2850 ct
1698 2796 1807 2858 laxitate

195 2895 223 2938 ct
241 2901 295 2938 non
308 2894 470 2954 praeruptum
486 2899 609 2953 mareque
622 2892 792 2954 portuosum,
808 2883 835 2936 in
850 2902 906 2955 quo
921 2902 977 2938 cer·
1021 2893 1047 2936 et
1055 2871 1250 2954 pulchritudine
1261 2883 1442 2938 mlunrnarum
1452 2893 1479 2938 et
1489 2885 1564 2937 tectis
1575 2883 1742 2952 elegantibus.
1753 2883 1805 2938 Sed

197 2983 299 3029 uuutur
319 2974 403 3025 ruinae
429 2972 504 3025 molis
523 2972 653 3042 antiqua,
675 2989 734 3041 quar
754 2971 817 3025 olim
843 2973 978 3026 muniebat
1021 2968 1086 3041 quid
1099 2989 1182 3023 conor
1196 2972 1223 3022 in
1238 2970 1323 3024 lucem
1342 2969 1419 3023 edere
1432 2972 1527 3043 scripta
1546 2971 1669 3041 Evagrii,
1691 2969 1730 3023 vel
1752 2970 1805 3024 hoc

195 3078 303 3141 pomum
315 3086 361 3121 „u
372 3069 460 3140 μω,
472 3068 610 3120 ,mmmm
621 3077 643 3132 a,
661 3084 732 3121 „unc
750 3068 860 3137 gradum
873 3077 977 3138 pmm
1021 3058 1078 3129 ipso
1087 3057 1185 3109 nobilia
1199 3056 1280 3120 iacta,
1294 3056 1367 3126 quod
1379 3056 1511 3111 nobilibus
1527 3068 1554 3110 et
1571 3057 1649 3128 plarm
1664 3058 1743 3127 regiis
1755 3059 1805 3112 Pa·

194 3155 229 3209 ad
243 3154 342 3208 iontem
353 3154 381 3207 in
394 3152 481 3207 littore
500 3152 621 3223 proximo
643 3153 768 3205 liuentem
786 3170 942 3223 perennem,
961 3172 977 3206 n
1020 3143 1143 3195 risiorum
1156 3143 1349 3195 characteribus
1363 3142 1416 3212 jam
1435 3141 1538 3195 dudum
1558 3143 1707 3213 pervulgata
1725 3144 1806 3197 cum

195 3241 324 3311 Dionysio
346 3238 499 3310 appellatam
523 3240 704 3307 flmmagomg
724 3254 803 3308 quem
823 3238 902 3308 paulo
916 3249 977 3292 ante
1020 3226 1097 3297 louge
1109 3227 1176 3279 ultra
1189 3225 1380 3281 chalcedonem
1395 3238 1529 3297 vagentur.
1553 3227 1711 3292 Chalcedon,
1723 3245 1804 3299 quam

194 3325 354 3379 subductum
377 3324 430 3377 vidi
454 3325 481 3375 iu
504 3324 609 3389 hortos,
632 3340 699 3395 quos
717 3340 796 3395 supra
816 3325 977 3394 Heragoram
1020 3322 1173 3377 Herodotus
1190 3325 1237 3390 (4,
1254 3324 1307 3391 85)
1322 3320 1434 3393 appellat
1452 3320 1719 3384 chalcedoniam5,a
1737 3322 1804 3374 Dio-

194 3430 241 3466 rex
259 3411 421 3466 Soleimanus
441 3410 525 3480 longis
548 3412 632 3464 muris
651 3412 846 3482 circumsepsit,
869 3411 925 3465 aliis
944 3431 978 3465 eo
1020 3412 1096 3481 nysio
1110 3409 1217 3482 quidem
1232 3410 1402 3463 constituitur
1418 3408 1496 3479 paulo
1513 3425 1593 3477 supra
1611 3407 1806 3461 chalcedonem

194 3496 399 3552 ctiamioutibus
412 3514 491 3567 opere
504 3496 674 3549 subterraneo
689 3494 827 3561 derivatis,
841 3507 976 3551 uteorum
1021 3498 1142 3551 fluvium.
1178 3497 1310 3553 sednon
1327 3496 1487 3566 Dionysius,
1508 3493 1536 3547 id
1548 3493 1620 3565 quod
1638 3494 1766 3549 Auienus
1778 3504 1806 3547 ct

194 3581 367 3637 redundantia
382 3581 465 3635 hortis
485 3582 617 3651 superflua
638 3582 671 3635 sit
692 3581 868 3635 restituendus
890 3584 977 3635 iluxus
1021 3585 1182 3656 Menippus⁶
1194 3585 1351 3655 loquuntur,
1366 3582 1518 3655 appellatam
1532 3581 1566 3634 ab
1582 3579 1677 3633 eodem
1695 3578 1808 3633 flumine

193 3672 335 3738 Heragorae
348 3667 572 3739 lougeoopiosior.
585 3669 608 3720 A
622 3666 693 3720 sonte
707 3668 839 3737 lleragora
854 3668 927 3721 littus
938 3679 977 3722 est
1019 3670 1194 3725 Chalcedone.
1208 3672 1357 3725 Arrianust
1374 3668 1402 3723 iu
1413 3686 1461 3723 sua
1471 3668 1579 3723 historia
1592 3666 1730 3738 bithynius
1739 3664 1809 3719 dicit

193 3753 248 3809 iere
259 3771 378 3807 saxosum
393 3763 419 3807 et
432 3762 594 3825 prereptum
606 3768 689 3823 usquc
703 3751 736 3805 ad
751 3753 884 3824 planitiem
898 3752 976 3807 Chal·
1020 3776 1079 3813 mm
1089 3758 1250 3814 nominatam
1260 3758 1453 3813 afilinsnmmi
1464 3767 1616 3828 nuncupato
1628 3753 1806 3819 decedone,

193 3840 300 3895 undonis
313 3840 506 3902 suburbanam,
520 3840 565 3891 ubi
584 3839 646 3892 olim
660 3850 716 3893 erat
728 3839 796 3893 aedes
809 3841 935 3905 Veneris,
950 3851 976 3893 ct
1021 3861 1104 3914 aquo
1119 3845 1235 3913 primum
1244 3844 1340 3897 iluvics
1350 3844 1402 3897 illic
1415 3844 1500 3897 ilueus
1510 3842 1661 3896 nominatus
1677 3850 1717 3893 est
1727 3838 1807 3893 (liaci-

195 3938 286 4001 postea
306 3928 356 3982 luit
372 3928 499 3999 templum
516 3926 583 3981 divae
602 3926 754 3997 Euphemiae
767 3924 778 3963 ³
793 3925 910 3981 funditus
920 3925 976 3997 jam
1020 3930 1121 3994 oedou;
1134 3928 1231 3983 deinde
1243 3930 1307 3983 urbs
1319 3948 1336 3983 a
1347 3929 1532 3994 Doriensibus‚
1548 3927 1608 3981 illuc
1618 3928 1747 3993 coloniam
1755 3924 1807 3979 ubi

192 4034 287 4071 eversae
313 4033 393 4086 supra
418 4026 530 4077 terrum,
560 4024 638 4084 atque
670 4012 736 4067 adeo
767 4014 975 4067 substructiones
1021 4014 1207 4080 deduxissent,
1232 4016 1365 4068 nominata
1377 4026 1417 4067 est
1435 4033 1468 4066 co
1486 4012 1594 4066 nomine
1617 4029 1671 4083 quo
1691 4012 1803 4065 ilumen.

192 4114 289 4169 erutae,
302 4113 412 4174 excepto
425 4100 546 4155 cuniculo
564 4101 748 4167 subterraneo,
769 4119 800 4153 ex
818 4118 872 4171 quo
886 4104 976 4156 ctiam·
1022 4102 1137 4154 lnoertus
1158 4099 1265 4172 quidam
1292 4100 1432 4154 historicus
1453 4100 1464 4137 ⁸
1481 4098 1546 4151 dicit
1568 4107 1689 4150 vocatum
1709 4114 1725 4149 a
1748 4093 1808 4148 filio

1632 4218 1793 4233 d

230 4314 255 4350 t.
269 4296 381 4367 Insula]
392 4296 571 4367 quaeTurcica
584 4304 693 4350 vocatur
703 4293 883 4357 ais-natent,
898 4294 976 4365 uulgo
1021 4294 1122 4349 oedone
1132 4296 1223 4359 Burin,
1232 4293 1459 4365 cujusStephanus
1468 4291 1680 4346 meminithiscet
1694 4286 1808 4355 Ἐκλήθη

191 4377 261 4431 dicta
275 4387 335 4429 tour
345 4376 377 4429 de
389 4374 515 4429 Mandra.
1020 4375 1047 4429 hl
1058 4373 1226 4443 (Χαλκηδών)
1247 4371 1295 4426 ἀπὸ
1308 4372 1428 4433 Χάλκιδος
1446 4372 1558 4437 (ceteris
1572 4368 1748 4435 Χαλκηδόνος)
1760 4370 1808 4419 τοῦ

226 4473 254 4509 a.
273 4454 434 4526 Stationem]
454 4454 499 4506 ubi
517 4470 589 4506 nunc
607 4452 711 4505 Haider
726 4452 815 4505 Ραοόα
836 4452 973 4513 Islrlessi,
1021 4453 1196 4523 παρακειμένου
1210 4454 1338 4521 ποταμοῦ,
1354 4450 1388 4512 ὡς
1399 4450 1424 4502 οἱ
1438 4448 1556 4519 ἱστορικοὶ
1568 4447 1671 4509 όααντός
1685 4462 1767 4516 passv.
1787 4446 1801 4515 ΙΙ

192 4548 221 4596 ut
233 4536 390 4589 Hummerus
400 4550 507 4603 quoque
514 4549 541 4603 p.
557 4532 608 4593 ila
618 4533 719 4585 statuit.
733 4533 743 4601 ll
755 4560 792 4571 -
800 4532 828 4585 3.
842 4530 975 4603 Templum
1020 4562 1056 4573 -
1068 4550 1094 4600 7.
1111 4528 1258 4599 Atrinum]
1269 4527 1342 4599 apud
1353 4528 1519 4581 Bustathium
1531 4527 1565 4581 ad
1574 4527 1685 4597 Dionys.
1700 4542 1725 4576 ν.
1734 4524 1785 4579 803
1797 4541 1805 4576 :

194 4619 273 4673 Dium
280 4616 449 4689 Euphemitr]
463 4616 489 4668 iu
503 4614 633 4669 hodierno
646 4613 768 4669 radit-ot.
784 4613 826 4667 Cl.
840 4615 974 4669 Hammer.
1022 4609 1089 4663 Κατὰ
1108 4608 1134 4661 δὲ
1150 4605 1194 4673 τὴν
1211 4605 1333 4677 Ἀρριανοῦ
1356 4606 1464 4676 ἱστορίαν
1482 4610 1538 4671 (sc.
1559 4604 1749 4674 Bithynicum.
1766 4602 1805 4657 V.

191 4715 219 4769 p.
237 4698 296 4767 347.
312 4698 323 4766 ΙΙ
334 4723 371 4737 -
382 4700 408 4760 4.
426 4694 538 4749 Riuulrtr
549 4694 559 4765 ]
572 4711 652 4765 quem
661 4695 688 4745 iu
701 4688 977 4747 recentioribus'tebu-
1021 4692 1064 4743 Fr.
1084 4689 1151 4741 llist.
1164 4696 1184 4740 t.
1196 4690 1250 4747 111,
1264 4704 1290 4757 p.
1307 4686 1368 4754 597,
1381 4682 1413 4737 ir.
1428 4684 1493 4755 61.)
1509 4681 1635 4754 ἰιαόνυμός
1647 4682 1712 4736 ἔστιν
1725 4678 1741 4747 ἡ
1755 4685 1808 4735 οὖν

190 4776 221 4831 lis
234 4792 286 4828 nou
300 4776 413 4846 reperio.
438 4760 442 4768 ¹
1020 4764 1195 4832 Χαλκηδονίων
1217 4763 1287 4825 πόλις
1307 4768 1343 4835 τῷ
1363 4762 1456 4834 Χρόνου
1475 4762 1521 4833 υἱῷ
1538 4762 1693 4827 Χαλκηδόνι,
1716 4756 1758 4828 ἂρ’
1776 4752 1808 4809 ab

228 4856 252 4907 5.
269 4852 484 4923 Chalcedoaiam]
500 4850 628 4905 Herodot.
651 4855 677 4915 4,
692 4850 724 4905 85
740 4863 747 4903 2
768 4850 902 4921 Δαρεῖος...
918 4848 975 4903 dnl-
1020 4852 1103 4917 πρῶτα
1117 4844 1161 4916 plv
1175 4841 1189 4895 ό
1201 4840 1256 4897 ἐκεῖ
1266 4842 1327 4912 ῥέων
1336 4842 1446 4912 meapte
1455 4839 1548 4908 ἔκληόη
1559 4840 1707 4907 Χαλκηδών,
1720 4836 1807 4891 ἔπειτα

191 4950 247 4985 arro
264 4934 307 4997 τῆς
324 4930 496 5001 Χαλχηόονόης
513 4928 553 4984 tnt
572 4930 614 4983 τόν
630 4930 766 5001 Βόσπορον,
779 4929 824 4981 ἵνα
841 4928 940 4990 ἔζευκτο
959 4927 975 4994 ἡ
1020 4924 1132 4991 ἡπόλις,
1150 4923 1261 4993 Δωριέων
1272 4920 1459 4988 ὰκοιιιηοόντων
1472 4920 1579 4990 insipere
1594 4920 1712 5004 ypdch,
1734 4914 1806 4986 όμαό·

191 5012 298 5082 γέφυρα,
316 5011 344 5061 in
361 5009 458 5079 quibus
473 5028 523 5062 vox
542 5010 700 5080 Χαλχηδονόη
719 5008 753 5061 dc
769 5010 875 5078 regione
888 5000 978 5079 potius¹
1021 5022 1095 5073 νυμος
1105 5002 1200 5072 γίνεται
1213 5005 1248 5071 τῷ
1260 5004 1372 5070 ποταμῷ.
1392 4999 1404 5068 ll
1415 5026 1452 5039 -
1465 5001 1491 5051 8.
1510 5000 1630 5050 lacertus
1643 4992 1752 5067 quidum
1766 4991 1809 5043 lu·

191 5104 271 5161 quarn
284 5088 320 5141 dc
336 5088 402 5143 urbe
421 5086 589 5158 intelligenda
608 5100 656 5143 est.
679 5091 690 5158 li
710 5118 746 5131 -
764 5093 790 5142 6.
814 5087 976 5159 Menippus]
1020 5080 1152 5150 ctericus]
1173 5080 1227 5134 Nos
1246 5077 1340 5133 cadem
1359 5078 1513 5131 novimuse
1542 5072 1716 5147 smiptorihus
1738 5070 1809 5123 bene

190 5166 386 5222 Obversabatur
394 5166 482 5237 Gyllio
489 5164 562 5219 locus
575 5166 699 5237 Stqshani
710 5168 827 5238 Byzantii
838 5183 863 5217 v.
877 5164 976 5231 Χκλκη·
1021 5162 1100 5215 nom.
1107 5159 1253 5230 Hesychius
1259 5156 1375 5211 Milesius
1383 5160 1400 5225 ς
1407 5172 1442 5211 ao
1451 5157 1463 5225 (
1472 5156 1518 5209 Fr.
1526 5156 1595 5209 Hist.
1606 5152 1686 5215 t.1V,
1697 5167 1725 5222 p.
1735 5148 1808 5216 abel·-

190 5247 252 5307 δών,
262 5246 308 5299 ubi
321 5243 445 5299 laudatur
457 5244 564 5316 quidem
578 5246 734 5317 Menippus,
748 5254 775 5297 at
792 5262 846 5299 non
856 5243 977 5301 dechal·
997 5283 1000 5300 .
1021 5239 1157 5306 Χαλκηδὼν
1170 5237 1198 5291 δὲ
1207 5237 1350 5307 ὠνόμασται
1363 5235 1392 5291 τό
1406 5235 1510 5306 χωρίον,
1525 5234 1559 5296 ὡς
1572 5233 1616 5304 μέν
1636 5230 1699 5292 τινός
1715 5244 1807 5301 φασιν,
