3884 5925
248 478 265 527 r
857 430 1033 524 'oroursrr
1055 462 1237 523 arzanru

245 614 306 649 cum
326 598 387 649 rivis
413 595 633 651 nobilissimorum
655 595 805 647 fluminum.
824 593 898 645 Nilus
917 592 1025 662 quidem
1071 591 1163 644 habuit
1171 591 1247 661 juxta
1258 592 1419 663 Bosporum,
1435 592 1644 665 antiquissimum
1657 594 1684 647 in
1697 594 1765 647 urhe
1778 592 1858 647 Chal-

245 700 319 735 suam
333 683 509 735 amoenitatem
523 700 556 735 ex
574 699 626 733 una
638 682 693 751 ripa
705 688 830 743 ostentat,
847 678 967 731 exaltem
978 678 1024 730 de·
1071 675 1186 740 eodone,
1207 678 1286 730 nullis
1301 677 1413 730 oraculis
1426 678 1532 741 cedens,
1556 678 1612 731 duo
1624 680 1740 750 Byzantii
1752 681 1857 747 (unum

246 768 356 831 format,
387 766 542 837 patefaciens
565 776 669 819 exustos
686 776 712 817 et
733 765 855 817 latissime
883 763 1026 815 retorridus
1073 767 1100 816 in
1115 765 1282 835 Xerolopho,
1305 783 1366 818 cuna
1395 763 1499 836 tripode
1518 768 1716 837 antiquissimo,
1741 766 1858 819 alterum

246 850 439 923 campos..Vidi
452 852 530 905 Penei
542 852 628 921 ripas,
646 868 711 921 quas
723 867 837 903 amoenas
849 848 968 901 efficiunt
982 849 1024 901 illa
1071 870 1132 903 curn
1145 852 1205 904 luco
1217 852 1351 904 laurorum
1363 850 1441 921 juxte
1453 852 1532 904 linem
1555 854 1627 905 sinus
1643 854 1763 921 Cornu),
1776 868 1859 921 quar·

245 940 342 993 nobilia
359 940 458 1009 Tempe
476 938 619 991 Thessalica
631 938 658 991 in
674 956 813 990 nemorosa
824 936 939 989 convalle
957 936 1025 988 inter
1072 949 1128 991 turn
1142 937 1219 1008 juxta
1235 938 1349 991 eundem
1364 940 1465 1003 sinum,
1485 940 1608 1008 quintum
1623 942 1650 992 iu
1668 939 1859 1011 promontorio

244 1028 336 1079 Ossam
346 1036 371 1077 et
385 1024 526 1094 Olympum
541 1025 605 1085 sita,
621 1042 668 1094 per
681 1021 835 1094 quremedia
845 1024 945 1073 Peneus
962 1022 1024 1073 riri·
1071 1036 1222 1094 nuncupato
1230 1026 1353 1096 Metopo,
1365 1020 1466 1077 sextum
1482 1026 1508 1077 in
1523 1025 1675 1078 suburbano
1686 1027 1745 1077 rico
1763 1023 1856 1094 appel·

244 1110 285 1163 dis
299 1110 403 1172 labitur,
418 1126 534 1172 arnoena,
557 1118 586 1161 ut
596 1108 730 1171 dicuntur
747 1106 792 1159 sed
805 1116 913 1176 angusta
928 1117 955 1159 et
965 1107 1025 1159 bre·
1070 1112 1122 1164 lato
1134 1112 1244 1182 Daphne
1260 1129 1277 1164 a
1290 1111 1424 1183 profundo
1438 1112 1497 1165 luno
1511 1112 1646 1165 laurorum
1660 1111 1777 1183 Apollini
1790 1129 1858 1162 con·

244 1197 301 1259 via,
328 1194 445 1265 undique
471 1194 638 1247 montibus'
632 1212 659 1245 ιιι
683 1192 877 1245 altitudinem'
871 1210 1024 1245 immensam
1071 1207 1188 1259 secrato,
1202 1198 1247 1266 qui
1269 1198 1296 1249 in
1310 1197 1431 1268 Olympia
1448 1207 1479 1250 ut
1494 1200 1656 1251 Mercurium
1669 1214 1752 1250 cursu
1765 1214 1859 1248 secum

243 1281 316 1335 clatrs
327 1290 472 1343 coarctata
486 1290 516 1332 ut
536 1290 621 1331 terror
640 1277 707 1331 adsit
726 1278 958 1349 pretereuntibus,
978 1279 1050 1381 qui
1069 1294 1211 1336 certantem
1230 1284 1405 1355 praeverterit,
1431 1286 1467 1336 ita
1487 1282 1676 1382 periclitaretur
1697 1294 1802 1335 certans
1827 1284 1859 1333 ιιι

243 1378 364 1437 augetur,
386 1369 407 1419 si
428 1368 503 1419 Livio
524 1365 671 1429 credimus,
693 1366 813 1435 strepitu
826 1366 904 1419 Penei
925 1377 1025 1434 agreste
1045 1344 1158 1421 medio
1175 1368 1292 1440 Bosporo
1309 1387 1371 1421 curn
1393 1371 1542 1433 hlercurio,
1561 1371 1607 1439 qui
1625 1387 1728 1439 semper
1745 1367 1857 1439 praefuit

243 1455 370 1527 quiddam
384 1456 544 1519 resonantis3
538 1453 632 1506 ridi'
626 1464 688 1505 rtem
707 1455 776 1524 ripas
792 1471 907 1507 amoenas
925 1454 1025 1523 aliquot
1069 1457 1251 1526 promontorio
1276 1458 1412 1519 Hermann,
1434 1454 1570 1509 obsidente
1589 1457 1716 1508 maximas
1740 1456 1853 1524 Bospori

243 1544 384 1597 fluminum
396 1542 504 1594 Medias:
519 1541 560 1593 hae
571 1542 641 1593 enirn
656 1551 717 1593 sunt
728 1539 770 1592 rlla
778 1538 913 1593 decantata
923 1542 1024 1611 Tempe
1068 1544 1198 1611 angustias
1206 1582 1214 1606 ,
1232 1541 1307 1611 cujus
1320 1540 1420 1595 radices
1433 1559 1496 1594 cum
1514 1542 1672 1593 sustinerent
1693 1540 1770 1592 Darii
1788 1557 1858 1609 pon·

242 1629 362 1693 Medica,
375 1631 461 1681 virore
467 1628 573 1698 quidem
584 1628 730 1699 plantarum
741 1645 820 1679 manu
832 1639 945 1680 satarum
956 1629 1022 1692 heta,
1068 1638 1122 1679 tem
1133 1626 1240 1697 ejusque
1251 1627 1340 1679 sedem
1350 1628 1377 1679 ιιι
1386 1645 1449 1680 saro
1460 1627 1582 1690 excisam,
1596 1625 1771 1681 ostenderunt
1782 1626 1855 1677 Mer·

241 1716 290 1769 sed
308 1716 426 1786 undique
447 1715 581 1768 montibus
595 1716 691 1785 asperis
708 1716 854 1778 arenaceis,
870 1716 916 1784 qni
930 1716 1024 1768 nativis
1068 1715 1135 1766 curii
1143 1714 1248 1782 ingenio
1258 1714 1367 1765 Darium
1377 1714 1465 1765 Asiam
1472 1715 1584 1782 Europae
1592 1713 1666 1782 quasi
1673 1710 1852 1781 compedibus

243 1800 1023 1865 arboribusearent,circurndata:verumtamennullaamoe·
1068 1800 1192 1869 alligasse.
1213 1802 1312 1854 Jusrius
1329 1799 1400 1871 apud
1421 1800 1566 1870 Bosporum
1584 1801 1692 1871 perenni
1707 1799 1857 1851 ornamine

244 1888 319 1941 niora
332 1887 445 1959 spectavi
457 1887 535 1949 valle,
550 1904 685 1956 perquam
696 1885 788 1938 defluit
799 1886 929 1956 Bosporus
941 1888 1025 1938 utrin·
1067 1890 1148 1953 Juuo,
1164 1882 1264 1953 Venu's,
1280 1886 1362 1940 Pallas
1372 1886 1624 1956 contendantquam
1638 1886 1684 1938 ubi
1695 1884 1778 1937 semel
1787 1902 1855 1937 con·

244 1990 296 2043 que
316 1973 417 2025 cinctus
434 1971 543 2024 collibus
557 1970 669 2025 molliter
691 1971 894 2039 assurgentibus,
915 1971 1024 2024 vallibus
1067 1972 1181 2026 tendisse
1186 1973 1319 2026 dicuntur.
1336 1972 1426 2025 Dulcis
1436 1976 1528 2025 Venus
1538 1990 1609 2023 mare
1620 1970 1707 2039 (unde
1715 1980 1777 2023 nata
1788 1970 1849 2040 eet)

244 2059 339 2111 leniter
361 2058 465 2128 pronis,
486 2058 605 2127 utrisque
628 2058 723 2127 partina
747 2057 903 2121 nemorosis,
927 2057 1023 2127 partim
1068 2060 1145 2113 duloe
1158 2071 1270 2114 ostentat
1280 2060 1418 2123 excellere3
1434 2064 1506 2112 June
1516 2059 1593 2111 eolles
1604 2058 1699 2111 uberes
1709 2056 1815 2128 profert
1830 2066 1857 2109 et

248 2142 357 2196 vitiferis
375 2153 402 2197 et
422 2141 569 2211 frugiferis,
592 2143 688 2212 partim
709 2141 856 2210 insignibus
874 2144 1024 2196 nrnoenitate
1068 2147 1280 2216 promontorium
1293 2146 1463 2215 Bosporium,
1478 2146 1506 2196 in
1517 2161 1571 2213 qun
1582 2142 1633 2195 fuit
1649 2141 1717 2195 edes
1736 2144 1856 2195 lunonis

245 2228 389 2281 virctorum
413 2226 540 2291 floribus,
564 2226 666 2287 herbis,
692 2226 830 2279 arboribus
849 2228 1022 2293 enitentium,
1069 2234 1179 2295 Acraeam
1202 2231 1367 2284 Pallasareee
1387 2230 1520 2300 Byzantius
1544 2228 1670 2299 proponit
1688 2246 1743 2279 non
1766 2226 1857 2296 judici

243 2312 312 2365 inter
329 2328 389 2383 que
406 2310 536 2363 excellunt
548 2309 618 2363 horu
636 2310 699 2378 regii
722 2326 811 2379 :quos
829 2309 945 2377 singulos
958 2310 1023 2380 quid
1068 2316 1155 2369 Paridi
1161 2316 1252 2387 juveni
1261 2318 1374 2387 pastori,
1387 2314 1688 2385 sedJovianttquisrimo
1701 2314 1857 2383 imperatori

242 2396 314 2451 aliud
327 2394 479 2449 essedicam
498 2413 579 2466 quarn
600 2394 747 2449 Thessalica
768 2394 809 2446 illa
829 2396 929 2465 Tempe
942 2414 1023 2448 amte-
1068 2412 1095 2453 et
1114 2403 1238 2471 Neptuno
1266 2399 1466 2472 presidentibus
1493 2399 1625 2469 Bosporo,
1660 2394 1735 2466 cujus
1761 2407 1857 2467 portas

242 2484 364 2547 nissima,
374 2480 420 2535 sed
432 2482 507 2551 longe
518 2481 662 2535 amoeniora
674 2482 723 2533 nisi
732 2499 763 2533 ea
775 2482 891 2551 Lapithae
899 2483 1023 2536 Centauri
1068 2487 1206 2556 Neptunus
1218 2504 1321 2539 serrare
1335 2485 1462 2549 traditur,
1479 2494 1506 2537 et
1515 2485 1599 2537 clares
1612 2484 1689 2535 Ponti
1701 2482 1856 2545 custodire,

242 2570 313 2623 velut
326 2568 453 2623 dracones
465 2568 640 2639 Hesperidum
661 2568 752 2621 hortos
770 2568 946 2631 custodirent,
960 2586 1023 2639 pro·
1068 2571 1187 2641 adjutore
1201 2572 1255 2624 lilio
1276 2571 1387 2642 Bymnte
1413 2570 1486 2622 fabro
1503 2569 1582 2623 clavis
1601 2568 1731 2630 Pontiae,
1746 2568 1799 2619 hoc
1814 2578 1856 2619 est

242 2657 336 2727 culque
356 2666 512 2727 spectatores
530 2667 657 2711 arcerent.
679 2656 747 2709 Sileo
766 2657 835 2707 rivos
855 2674 982 2726 perennes
997 2668 1023 2710 et
1068 2659 1277 2729 arcis-Byzantiae
1293 2656 1444 2721 conditore,
1464 2656 1558 2725 inqua
1575 2655 1714 2723 antiquum
1733 2653 1857 2723 Neptuni
1935 2643 1936 2646 ¹

241 2743 390 2815 perlucidos
402 2744 506 2796 circiter
519 2744 625 2811 triginta
636 2742 698 2794 hine
708 2752 786 2811 atquc
796 2742 866 2794 illinc
875 2741 1023 2795 delabentes
1068 2742 1194 2814 templum
1213 2743 1290 2795 fuisse
1305 2741 1396 2794 scribit
1407 2740 1577 2811 Dionysius
1587 2758 1613 2791 ι.
1566 2738 1661 2806 (ιι.
1682 2738 1727 2809 9).
1747 2739 1858 2809 Jupiter
1935 2743 1936 2784 ἲ

242 2835 270 2887 ιιι
293 2834 454 2905 Bosporum,
470 2842 596 2903 praetereo
618 2830 703 2883 fontes
716 2828 823 2899 gelidos.
845 2826 918 2895 Quid
939 2846 1022 2882 unum
1068 2832 1167 2883 Urius
1161 2840 1354 2901 imperatorque
1363 2827 1490 2898 quamdiu
1502 2825 1665 2895 multumque
1676 2824 1794 2894 Bosporr
1804 2841 1855 2874 an·
1935 2849 1936 2852 ι

238 2920 294 2991 jun
305 2916 510 2974 commemorem
518 2918 691 2990 Nympheum
701 2914 963 2970 chalcedoniorum
943 2926 1022 2969 srtum
1067 2917 1164 3002 gustias
1179 2928 1278 2970 tutatus
1289 2918 1336 2981 sit,
1350 2915 1463 2968 declarat
1471 2913 1561 2968 fanum
1577 2913 1648 2966 loris
1660 2911 1747 2965 Urii
1739 2929 1767 2962 ιιι
1777 2910 1856 2962 hune

238 3008 314 3078 juxta
324 3009 467 3079 Bosporum
478 3005 760 3078 apermultisantiquis
772 3003 1023 3056 commemoratum?
1069 3006 1139 3058 diem
1149 3022 1245 3057 nomen
1258 3005 1389 3067 retinens,
1399 3002 1512 3055 declarat
1521 2999 1638 3070 eyusdem
1650 3010 1734 3051 statua
1746 3001 1774 3051 in
1787 3002 1857 3051 Bos·

242 3110 304 3145 cum
318 3093 394 3146 valler
403 3093 510 3162 Bospori
522 3091 659 3162 plusquam
671 3090 861 3160 quinquaginta
876 3087 1022 3141 nihilaliud
1067 3109 1134 3162 poro
1145 3092 1209 3154 srta
1233 3108 1302 3160 quae,
1322 3107 1384 3142 cum
1405 3099 1492 3141 tamen
1520 3088 1602 3139 rnulta
1621 3085 1687 3139 bella
1707 3104 1739 3138 ea
1763 3087 1856 3139 Ponto

241 3182 294 3234 sint
315 3197 395 3252 quam
413 3178 556 3250 Nymphaea
576 3179 661 3230 virore
679 3193 817 3229 nemorum
831 3185 857 3228 et
874 3186 1020 3246 pratorum,
1066 3179 1234 3242 emerserint,
1251 3187 1353 3248 serrata
1371 3185 1425 3239 est,
1446 3192 1506 3227 cum
1522 3174 1627 3225 interim
1644 3190 1691 3224 sua
1710 3173 1784 3241 signa
1802 3175 1857 3225 Ju-

242 3267 354 3337 topiario
371 3277 397 3318 et
410 3265 548 3318 coronario
566 3275 665 3316 naturae
678 3281 774 3333 opere,
790 3263 947 3333 spectabilia.
968 3265 1022 3316 Οιιι
1066 3264 1134 3333 piter
1143 3271 1276 3333 pateretur
1284 3280 1317 3315 ex
1327 3259 1494 3323 Macedonia,
1503 3277 1535 3310 er
1546 3258 1647 3310 Graecia
1657 3256 1765 3310 auferri.
1778 3257 1853 3309 Cum

241 3363 329 3407 autern
346 3354 476 3407 maritima
490 3351 599 3403 collucet
615 3349 672 3421 plus
684 3350 790 3417 triginta
799 3349 900 3401 sinibus
917 3361 1023 3421 portuo-
1067 3349 1192 3403 Lucullus
1202 3368 1234 3402 ex
1248 3351 1333 3402 Ponto
1345 3345 1459 3401 auferret
1472 3346 1618 3398 colosseum
1631 3342 1794 3414 Apollinem,
1814 3352 1856 3394 ta-

241 3439 291 3503 sis,
302 3438 335 3491 ad
347 3439 491 3506 marginem
504 3453 586 3505 usque
596 3432 750 3506 profundis,
763 3435 831 3486 inter
842 3451 908 3504 quos
920 3435 1022 3488 exoellit
1067 3455 1127 3489 men
1139 3437 1224 3500 illam,
1240 3437 1287 3488 etsi
1308 3437 1335 3487 in
1348 3444 1406 3488 toto
1418 3433 1483 3486 orhe
1501 3431 1677 3503 pulcherrime
1693 3429 1758 3482 facta
1770 3429 1857 3482 habe·

234 3524 314 3576 sinus
330 3523 521 3622 Chrysoceras,
544 3521 596 3574 hoe
616 3529 655 3572 eet
679 3520 868 3590 Cornucopiae,
891 3519 1021 3590 siquidem
1065 3532 1147 3582 retur,
1162 3523 1288 3589 attingere
1299 3538 1353 3572 non
1370 3536 1448 3571 ausus
1460 3528 1514 3582 est;
1530 3535 1577 3568 nec
1589 3533 1648 3568 aroe
1666 3515 1738 3584 prius
1751 3515 1852 3578 cessit,

155 3625 156 3628 ’
234 3626 337 3664 nurum
359 3609 480 3662 omnium
501 3623 589 3659 rerum
607 3606 709 3676 copiam
732 3605 849 3673 largitur.
873 3604 1022 3659 Colluocbat
1066 3605 1144 3677 quarn
1156 3608 1232 3660 Chris
1233 3619 1274 3659 tus
1283 3624 1307 3658 er
1318 3606 1449 3668 suooessrt
1460 3621 1536 3656 verus
1544 3601 1751 3674 Jupprterbrrus
1759 3611 1786 3652 et
1799 3602 1858 3651 inr-

242 3696 305 3755 olim
323 3694 356 3747 ab
370 3695 446 3746 initio
465 3692 571 3761 Bospori
593 3689 720 3743 adfinem
739 3689 855 3742 aediliciis
878 3692 1019 3755 continuis,
1067 3703 1199 3763 perator:
1217 3691 1283 3744 adeo
1298 3691 1341 3743 ille
1357 3691 1501 3760 Bosporum
1517 3705 1606 3741 amore
1622 3695 1777 3756 prosecutus
1793 3694 1853 3748 est,

241 3797 301 3851 quae
310 3779 394 3847 longis
406 3775 477 3830 bellis
490 3793 577 3829 eversa
589 3777 682 3828 iterurn
693 3776 849 3837 excitantur,
859 3785 890 3826 ut
901 3775 953 3827 ah
946 3778 1022 3830 mitio
1068 3795 1147 3847 quem
1163 3776 1282 3828 nonnihil
1295 3793 1389 3843 augere
1400 3775 1488 3846 potuit
1503 3772 1529 3824 id
1544 3771 1616 3842 quod
1628 3771 1786 3840 sempiterna
1800 3787 1853 3821 no·

238 3869 313 3919 sinus
323 3861 456 3920 Ceratini'
442 3881 500 3934 Jam
509 3863 580 3914 littus
591 3860 624 3913 ad
635 3862 846 3931 promontorium
858 3861 958 3914 llestias
970 3861 1022 3930 (Ιιι-
1067 3864 1146 3914 minis
1157 3864 1286 3915 memoria
1303 3865 1435 3932 Bosporus
1449 3870 1558 3912 testatur
1577 3877 1605 3910 se
1620 3858 1793 3909 transrexisse
1804 3855 1852 3920 lo,

241 3965 283 4005 tus
297 3962 388 4024 patens
398 3944 846 4017 inlougitudinerneirciterdeoem
860 3947 1019 4020 miliarium)
1066 3967 1144 4019 quarn
1167 3950 1269 4018 Jupiter
1295 3950 1405 4012 amarit,
1428 3947 1587 4016 Bosporique
1609 3944 1695 3998 accola
1717 3945 1854 4013 Semystra

240 4037 429 4092 exaedificatum
450 4037 483 4088 sit
498 4034 555 4087 fere
576 4032 710 4086 continuis
725 4029 857 4096 aedificiis,
873 4049 926 4084 nnn
941 4033 1022 4087 modo
1066 4035 1186 4087 educavit
1203 4036 1367 4098 Ceroeesam,
1382 4035 1455 4087 Joris
1468 4043 1493 4084 et
1505 4032 1550 4083 Iris
1566 4030 1661 4093 filiam,
1677 4039 1788 4082 matrem
1801 4029 1854 4098 By·

167 4169 172 4182 .
241 4127 370 4188 insieco,
388 4123 527 4176 sedetiam
542 4119 628 4174 media
642 4120 800 4189 expertein
819 4121 885 4171 niari
903 4120 1022 4172 substru-
1067 4123 1160 4184 rantis,
1181 4122 1226 4191 qui
1239 4119 1528 4190 condiditByzantium.
1547 4119 1641 4170 Acrius
1649 4115 1728 4184 igitur
1742 4126 1769 4166 et
1778 4133 1853 4167 com·

240 4211 305 4272 ctis,
321 4227 373 4261 non
387 4207 467 4260 modo
477 4204 511 4258 ad
520 4206 659 4258 hominum
671 4203 867 4265 habitationem,
885 4204 930 4256 sed
944 4207 1022 4258 etiam
1067 4205 1172 4257 modius
1189 4207 1216 4257 in
1226 4206 1342 4276 Bosporo
1355 4205 1471 4274 quamin
1480 4203 1600 4273 Olympia
1613 4199 1646 4253 de
1655 4199 1726 4252 orbis
1736 4201 1852 4269 imperio

240 4293 421 4350 metationem
432 4289 587 4361 scepharum
596 4299 674 4358 atquo
683 4286 813 4357 excipulas
822 4288 933 4358 piscium
947 4306 1021 4360 :quae
1066 4294 1171 4362 Jupiter
1184 4310 1246 4344 curn
1262 4293 1375 4344 Saturno
1393 4289 1527 4342 colluctari
1540 4289 1675 4358 potuisset.
1692 4287 1746 4338 Nec
1766 4284 1852 4338 nrodo

241 4380 331 4434 omnia
344 4380 442 4449 patitur
453 4377 523 4432 mitis
537 4375 678 4445 Bosporus.
693 4375 752 4424 Non
767 4374 837 4424 enirn
849 4371 1022 4429 fremebundo
1067 4377 1179 4432 deorum
1193 4379 1383 4448 hominumque
1395 4387 1479 4447 pater,
1489 4375 1535 4428 sed
1549 4376 1627 4427 etiam
1638 4383 1722 4426 mater
1734 4371 1850 4425 deorum

241 4474 305 4518 aestu
318 4462 463 4519 effervescit
477 4465 504 4514 in
521 4460 691 4514 edificiorum
704 4459 888 4525 fundamenta,
904 4463 971 4515 sicut
981 4483 1023 4516 ce·
1068 4463 1211 4534 Bosporum
1225 4463 1352 4528 accolnit,
1371 4464 1477 4533 suisque
1494 4459 1593 4513 adibus
1605 4476 1690 4512 arcem
1701 4459 1851 4528 oppositam

241 4563 296 4603 tera
307 4550 387 4613 freta,
405 4567 463 4620 quae
476 4548 606 4602 littorihus
618 4547 697 4600 fracta
707 4587 714 4612 ,
726 4565 879 4618 spumarum
892 4545 1021 4602 servorem
1066 4550 1119 4602 arei
1133 4550 1205 4601 Jovis
1215 4550 1273 4602 Urii
1285 4549 1430 4602 illustrarit.
1446 4549 1537 4618 Neque
1547 4546 1628 4599 modo
1639 4545 1677 4597 dii
1687 4543 1795 4613 deeque
1810 4545 1852 4596 in·

241 4637 268 4686 in
284 4633 380 4687 aedium
395 4635 543 4704 pavimenta
555 4632 652 4685 furiose
659 4631 769 4702 jactant,
785 4641 812 4684 et
825 4631 931 4684 fremitu
945 4636 1019 4686 terri·
1067 4647 1108 4689 ter
1118 4654 1162 4701 se,
1172 4635 1305 4688 sedetiam
1317 4653 1404 4688 secum
1417 4635 1450 4688 de
1460 4632 1655 4706 pulchritudine
1672 4633 1779 4702 Bospori
1791 4649 1850 4683 cer·

242 4718 288 4771 hili
310 4719 497 4770 murmurantis
515 4719 593 4770 maris
613 4718 701 4770 littora
716 4717 862 4788 plangentia
877 4719 1020 4770 maritimas
1067 4732 1131 4775 tant.
1149 4725 1180 4775 In
1197 4741 1251 4794 qun
1267 4724 1332 4776 mari
1351 4725 1442 4774 Venus
1458 4720 1561 4772 dulcior
1578 4737 1657 4790 quam
1677 4721 1704 4770 in
1730 4718 1850 4770 dulciore

243 4805 322 4856 urbes
340 4813 446 4864 vexant,
462 4800 507 4853 sed
525 4802 589 4855 lenis
609 4803 701 4854 urbem
725 4811 755 4854 et
764 4801 914 4854 suburbana
936 4803 1019 4868 alluit,
1067 4811 1161 4861 Ponti?
1177 4809 1251 4879 cujus
1270 4827 1337 4879 aqua
1353 4810 1426 4880 potul
1440 4825 1565 4879 pecorum
1584 4807 1674 4859 utilior
1686 4823 1765 4877 quam
1789 4805 1848 4857 dul·

242 4908 327 4961 neque
340 4907 395 4942 sese
413 4887 488 4942 effert
502 4899 575 4940 exim
584 4888 670 4952 littus.
685 4889 803 4959 quamvls
817 4888 915 4941 humile
926 4901 952 4942 et
963 4889 1017 4960 pla·
1067 4897 1138 4948 cium
1166 4894 1322 4957 ιιιιιιιιιιιιιιις
1344 4897 1431 4965 itaque
1454 4894 1598 4947 accolentes
1617 4896 1733 4946 Pontum
1758 4895 1850 4946 onmia

241 4995 317 5035 nuru.
332 4979 422 5046 Itaque
435 4978 557 5028 Jasonem
570 4974 710 5028 duodecim
722 4973 772 5026 diis
787 4974 858 5044 apud
874 4975 1018 5046 Bosporum
1067 4997 1161 5051 pecora
1181 4979 1215 5031 ad
1228 4997 1298 5030 mere
1310 4978 1426 5042 ducunt,
1445 4990 1476 5031 ut
1486 4997 1517 5030 ex
1531 4997 1563 5030 eo
1574 4978 1675 5031 hibent.
1689 4979 1744 5031 Ubi
1756 4980 1850 5029 Venus

240 5061 397 5118 sacrificasse
415 5061 596 5132 templumque
609 5059 756 5130 condidisse
770 5061 893 5126 arbitror,
901 5060 1021 5130 judican·
1067 5064 1194 5135 placidior
1206 5080 1285 5132 quam
1303 5064 1330 5114 in
1344 5062 1446 5133 placido
1463 5062 1654 5132 Bosporoiuhi
1670 5063 1782 5113 Veneris
1795 5061 1849 5131 pla·

243 5160 295 5201 tenr
310 5166 363 5201 non
378 5145 458 5200 ruodo
470 5146 623 5208 hominum,
633 5145 678 5198 sed
689 5147 766 5198 etiarn
778 5147 898 5198 omniurn
910 5146 1020 5199 deerunt
1067 5150 1132 5202 cidae
1147 5167 1191 5202 era
1204 5151 1231 5200 in
1244 5149 1304 5200 sinu
1321 5150 1386 5201 Auri
1398 5151 1487 5202 Cornu
1500 5159 1665 5220 nuncupato,
1680 5148 1850 5218 ejusdemque

236 5235 401 5292 domicilium
411 5251 465 5286 esse
478 5233 631 5304 Bosporum.
645 5232 737 5303 Apollo
751 5232 857 5302 quidem
869 5251 913 5285 sex
925 5233 1021 5303 templa
1069 5233 1195 5304 templum
1216 5235 1243 5285 in
1263 5233 1414 5287 suburbano
1433 5237 1555 5304 proximo
1577 5233 1761 5287 Chalcedonis
1777 5245 1803 5286 ct
1820 5235 1848 5284 ιιι
