3884 5925
821 417 1054 478 Pnurtosssrs.
1675 427 1730 476 197

52 549 116 631 (aaa)
129 549 288 622 Bithynique
302 551 367 614 viri,
382 547 551 619 pinguissima
566 565 627 600 rura
637 547 750 600 colentes
767 565 773 600 :
954 548 1046 600 llexilis
1057 561 1083 600 et
1096 545 1219 617 Cydnus,
1235 546 1337 599 dirimit
1350 547 1641 618 quillumiueTarson.

129 656 182 707 qua
196 637 296 690 Rhebas
309 635 418 708 pulcher
427 636 573 704 gratissima
588 633 697 687 flumina
711 634 805 700 volvit,
953 636 1022 688 ilinc
1036 636 1092 688 aliae
1103 635 1214 688 Cilicum
1227 645 1289 687 sunt
1301 635 1374 687 celsis
1387 635 1517 687 moenibus
1530 635 1622 698 urbes,
1747 625 1807 707 (stt)

128 725 252 794 Rhebas,
265 725 310 795 qui
323 723 407 795 rapidi
419 723 538 776 decurrit
553 723 585 776 ad
596 723 661 775 ostia
673 724 759 776 Ponti.
954 725 1112 794 lryrnessus‚
1126 721 1269 792 hlallosque
1280 723 1357 774 simul
1368 722 1454 774 vicina
1463 720 1616 792 profundo,

126 814 181 866 Tot
194 813 283 884 populi
298 823 379 864 terras
393 811 510 864 habitant
524 829 571 882 per
581 811 658 864 litora
668 809 743 863 Ponti
758 827 764 862 :
953 821 1032 880 atque
1040 811 1092 863 Soli
1103 809 1190 864 medio
1202 821 1332 862 terrarum
1342 809 1394 862 fine
1406 809 1492 863 locati.

57 904 112 952 toa
126 919 190 953 narn
205 901 278 971 prius
291 899 407 971 exposita
421 899 531 970 Scythiae
542 909 603 951 sunt
617 899 715 950 semina
726 899 819 968 gentis.
953 898 1129 966 Commagena
1143 897 1239 950 dehinc
1253 897 1343 966 regio,
1360 897 1491 968 Syriaeque
1507 906 1654 968 sequuntur
1750 897 1809 952 820

49 974 114 1048 (ml
164 988 244 1038 Nunc
254 985 322 1040 Asiae
334 985 407 1053 regio
419 985 574 1052 contingens
584 983 663 1037 litora
677 984 754 1035 nobis
954 983 1047 1046 urbes,
1058 983 1191 1054 disquisita
1200 982 1327 1054 perlongi
1339 982 1413 1035 litora
1429 983 1511 1034 flexus
1529 999 1535 1035 :

126 1071 248 1134 dicatur,
257 1081 344 1142 partes
353 1069 449 1122 calidas
460 1085 518 1139 quae
532 1071 616 1122 currit
629 1067 662 1121 nd
671 1069 767 1131 austri,
954 1087 1015 1120 nam
1025 1070 1093 1121 Casii
1104 1069 1202 1120 montis
1216 1085 1270 1138 qna
1278 1068 1409 1140 prominet
1422 1085 1467 1119 ora
1477 1086 1523 1138 per
1539 1086 1640 1138 equor,

125 1167 206 1227 atque
215 1155 411 1228 Hellespontum
423 1155 516 1207 transit
529 1155 662 1225 Syriaeque
671 1171 795 1217 recessus,
955 1155 1036 1222 vergit
1051 1157 1077 1207 in
1092 1171 1200 1206 occasus
1213 1153 1317 1206 dillusis
1331 1154 1456 1206 tractibus
1470 1153 1551 1209 unda.
1751 1141 1811 1218 (asel

126 1243 213 1313 pnsrlt
227 1253 254 1294 et
265 1241 402 1302 Arabiam,
416 1257 474 1310 quae
489 1241 583 1292 llorent
595 1239 675 1292 ubere
690 1250 774 1294 terrae.
993 1243 1070 1293 Nunc
1084 1241 1197 1311 reliquas
1212 1241 1280 1292 Asia
1290 1252 1376 1311 partes
1388 1239 1435 1294 tibi
1450 1243 1565 1294 carmine
1576 1243 1706 1314 pandam,

57 1337 113 1386 rto
125 1332 195 1382 Sunt
207 1325 377 1381 Chalcedonii
387 1327 474 1396 primi,
487 1335 547 1396 post
555 1327 619 1378 ostia
630 1325 719 1388 Ponti,
954 1329 1075 1398 quadrati
1088 1329 1174 1381 lateris
1185 1347 1238 1399 qua
1247 1327 1380 1381 clauditur
1390 1328 1506 1400 undique
1519 1329 1617 1394 forma,
1750 1333 1809 1384 825

126 1415 225 1467 moenia
245 1413 362 1484 Byzantia
372 1413 418 1482 qui
434 1421 547 1464 cernunt
558 1413 657 1482 optima
667 1423 769 1475 contra,
954 1426 980 1467 et
994 1417 1082 1487 spatiis
1094 1431 1200 1488 campos
1209 1415 1291 1484 longis
1306 1415 1441 1486 protendit
1454 1418 1481 1468 in
1494 1429 1594 1472 ortum.

128 1500 308 1568 Romanisque
320 1499 363 1569 pie
374 1498 461 1567 regnis
473 1495 637 1550 dominantia
650 1497 760 1549 mundo.
955 1501 1010 1553 Scis
1022 1502 1119 1554 etenim
1131 1519 1288 1555 memorasse
1297 1501 1362 1570 tibi,
1375 1501 1448 1572 quod
1460 1503 1569 1556 collibus
1582 1505 1642 1558 altis

51 1579 111 1653 lua)
126 1586 250 1655 Bebrycii
261 1596 322 1656 Ρωῑ
330 1585 393 1646 ¹³0⁸,
408 1593 434 1636 ⁸¹
448 1584 531 1653 Mlblfl
541 1583 675 1634 m0¹¹llb1¹³
687 1583 751 1644 alla,
955 1606 1002 1658 per
1015 1600 1097 1643 totam
1110 1588 1204 1646 mediis
1220 1607 1298 1642 mons
1312 1591 1403 1658 ingens
1415 1589 1533 1642 tenditur
1544 1593 1617 1662 oris,
1752 1586 1813 1666 (ml

125 1689 183 1742 qun
198 1673 263 1724 Cius
277 1671 379 1739 egwgla
393 1668 537 1721 decurrens
550 1679 698 1720 murmurat
710 1667 781 1720 unda
954 1678 1000 1747 qni
1014 1677 1079 1730 fines
1094 1677 1158 1731 tsiae
1172 1677 1259 1746 nigros
1271 1674 1395 1747 producit
1409 1675 1442 1728 ad
1451 1677 1532 1730 Indos
1548 1695 1554 1729 :

58 1765 111 1812 m
127 1775 183 1827 qua
197 1756 328 1827 nymphas
337 1756 461 1807 comitem
479 1753 620 1824 perhibent
631 1753 749 1824 rapuisse
762 1755 876 1824 potentis
955 1763 1007 1816 hoc
1018 1773 1074 1817 esto
1086 1763 1197 1816 laterum
1212 1763 1324 1815 boreum
1335 1762 1399 1826 ribi,
1412 1763 1485 1816 totus
1498 1763 1531 1816 ad
1544 1783 1604 1818 oras
1675 1823 1679 1831 ,
1752 1769 1810 1819 880

127 1842 230 1896 ΑΙΕῙᾶΩ
243 1859 370 1914 puerum,
386 1843 533 1895 lt'lsllsslmtt
550 1840 600 1894 laist
613 1841 750 1910 gemenlls.
957 1851 1087 1922 hesperias
1097 1851 1170 1915 finitg
1188 1849 1234 1903 sed
1247 1851 1345 1921 Tethys
1360 1851 1422 1903 solis
1431 1852 1464 1903 ab
1475 1863 1536 1905 ortu

127 1931 201 1982 Hinc
210 1929 407 2000 ΗΘΜῬθῃῃῃῃ
420 1927 584 2002 Wstffldllffl'
594 1929 703 1997 “figulus
715 1929 822 1997 ingens·
956 1938 1048 1992 Indica
1056 1938 1205 1992 concludit:
1222 1939 1342 1992 Rubrum
1356 1957 1428 1991 mare
1439 1941 1562 1993 terminat
1572 1953 1690 1996 ausuum

61 2010 109 2085 lffil
127 2033 183 2085 ‘lua
196 2007 638 2086 bfgllfflpl'flblaePfflfflliP'm
650 2013 807 2066 llll⁰ll¹¹l¹¹⁵
994 2026 1087 2096 Aspice
1098 2043 1170 2077 nunc
1186 2027 1275 2095 igitur,
1290 2025 1355 2077 dum
1372 2023 1450 2078 linem
1466 2027 1666 2080 versibusortus
1794 2008 1798 2015 ⁴

127 2103 249 2170 &flgssrll
261 2103 325 2172 ripis
341 2101 414 2155 fluvii
424 2103 509 2154 *lelna
520 2103 630 2172 rapicls·
957 2113 1096 2181 pervenio,
1111 2121 1229 2180 retegens
1244 2111 1291 2162 tibi
1308 2111 1375 2162 veris
1389 2113 1480 2163 onmia
1491 2111 1585 2175 rebus,

57 2196 111 2244 780
125 2188 326 2240 Tenditurlraec
337 2190 425 2259 polius
431 2187 532 2240 Titanis
544 2189 648 2258 Plllgllls
661 2185 694 2239 ild
707 2199 796 2252 ortus,
959 2198 1084 2267 lnclPlessS
1094 2198 1174 2266 Syriae
1191 2197 1281 2260 terris,
1298 2214 1350 2266 qua
1363 2207 1437 2268 papie
1451 2197 1553 2268 reliqui
1755 2205 1812 2256 ⁸35

126 2276 213 2328 altera
224 2273 257 2326 nd
268 2290 389 2335 oonasus,
404 2273 461 2327 altre
477 2275 527 2326 sub
540 2274 672 2327 montibus
688 2275 756 2339 Idae,
959 2285 1025 2349 Quae
1036 2281 1162 2352 ,pelagus
1174 2299 1253 2351 supra
1268 2281 1317 2332 sub
1334 2281 1415 2333 solem
1426 2284 1508 2351 vergit
1520 2282 1553 2336 ad
1567 2294 1670 2336 austros
1682 2326 1690 2348 ,
1755 2275 1817 2356 (stt)

128 2364 237 2432 altaque
246 2379 296 2432 qua
306 2361 402 2414 cecidit
412 2361 539 2433 praeclaro
553 2363 660 2414 nomine
672 2361 770 2432 Troja‚
960 2368 1069 2421 urbibus
1086 2379 1112 2420 et
1123 2369 1211 2419 multis
1220 2367 1354 2420 habitatur
1371 2385 1377 2420 :
1390 2370 1497 2421 nomine
1510 2372 1598 2440 prisco

52 2464 111 2538 (gwy
129 2449 167 2501 ad
178 2449 277 2502 Xanthi
286 2449 399 2520 liquidas
410 2467 457 2501 nec
469 2465 522 2501 non
533 2442 672 2502 Simoentis
684 2449 716 2502 ad
729 2449 822 2502 undas.
960 2473 1020 2525 quar
1031 2456 1101 2506 Cava
1115 2453 1244 2521 vulgatur,
1258 2453 1372 2505 mediam
1383 2455 1444 2523 qnia
1454 2455 1564 2507 collibus
1576 2457 1636 2510 altis

129 2537 264 2590 Posthac
276 2534 448 2589 Fadiaetellns
461 2536 633 2608 praetenditur
647 2555 716 2600 orae,
960 2551 1040 2610 atque
1054 2539 1181 2592 humilem
1196 2539 1313 2592 Libanus
1326 2539 1424 2593 claudit
1439 2552 1575 2611 protentus
1589 2545 1616 2595 in
1631 2556 1729 2610 ortum,

58 2631 114 2682 785
130 2625 258 2676 tluctibns
269 2625 345 2692 AEga‘i
359 2624 451 2695 primis
461 2641 520 2694 quae
529 2623 650 2677 tunditur
666 2623 721 2677 alti.
960 2645 1135 2698 occasumque
1144 2636 1235 2696 petens
1248 2627 1354 2691 Casins;
1368 2627 1509 2697 multisque
1523 2627 1640 2690 virorum
1757 2629 1814 2679 840

130 2711 201 2764 lude
213 2723 281 2764 tenet
292 2723 373 2765 terras
383 2713 486 2783 pelagus
498 2731 580 2784 prope
593 2715 698 2781 sanguis
710 2715 804 2766 lonum
816 2753 823 2776 ,
961 2715 1085 2767 incolitur
1099 2713 1202 2784 populis
1219 2713 1394 2784 locupletibus
1407 2713 1475 2766 alma
1486 2713 1633 2789 diremptis,

131 2817 183 2870 per
194 2817 259 2869 quas
274 2799 406 2852 llaeander
419 2801 525 2872 pinguis
539 2801 674 2855 descendit
687 2802 713 2853 in
728 2819 827 2871 aequor,
963 2818 1078 2872 namque
1091 2800 1133 2853 alii
1146 2799 1239 2854 mediis
1253 2801 1371 2854 habitant
1382 2801 1481 2853 telluris
1499 2802 1526 2852 ln
1540 2803 1608 2853 arvis

53 2882 90 2954 {aa
105 2879 114 2952 l
133 2887 206 2938 inter
219 2886 337 2938 llliletunr
348 2903 455 2940 currens
467 2887 597 2958 latamque
607 2889 727 2942 Prienen.
961 2891 1063 2960 hosque
1076 2891 1154 2959 Syros
1170 2889 1275 2960 proprie
1287 2887 1427 2958 perhibent
1434 2908 1443 2952 3
1453 2887 1499 2939 sed
1513 2887 1587 2940 litora
1597 2887 1673 2958 juxta

134 2976 180 3029 Ad
194 2976 261 3028 latus
274 2977 384 3029 istorum
397 2974 506 3029 boreum
519 2988 579 3029 sunt
591 2980 686 3030 mmnia
698 2978 781 3041 clara,
963 2979 1098 3033 Phoenices
1112 2980 1220 3041 vivunt,
1237 2978 1317 3029 reteri
1329 2978 1485 3044 cognomine
1496 2975 1576 3040 dicti,
1761 2974 1824 3054 (ensi

59 3074 117 3122 tuo
133 3064 202 3115 urbs
214 3064 347 3133 Ephesos,
362 3064 457 3117 claudit
467 3082 545 3135 quarn
556 3077 630 3134 grato
639 3066 714 3118 litore
723 3076 829 3136 pontus.
963 3085 1030 3137 quos
1045 3068 1115 3118 misit
1126 3051 1260 3135 quondam
1277 3083 1349 3117 nrare
1365 3065 1486 3117 Rubrum
1499 3062 1622 3117 laudibus
1634 3075 1744 3129 auctos,
1760 3063 1818 3117 845

58 3148 116 3217 (stul
135 3154 201 3204 Post
213 3150 261 3203 has
274 3153 391 3204 llreonite
406 3150 497 3215 tellus,
516 3170 574 3223 quae
587 3154 668 3221 vergit
679 3153 711 3205 ad
724 3166 812 3219 ortus,
964 3151 1087 3205 Chaldaeo
1102 3153 1213 3203 nimium
1226 3151 1375 3204 decoratam
1391 3152 1516 3220 sanguine
1527 3161 1640 3219 gentem,
1703 3220 1708 3228 ι

135 3248 167 3290 et
178 3238 265 3290 Tmoli
276 3238 373 3302 eolles,
389 3239 484 3291 Ruvlus
496 3240 591 3309 qulbus
603 3238 699 3292 auriler
708 3243 762 3293 exit
964 3241 1118 3309 arcanisque
1135 3238 1182 3290 Dei
1196 3238 1351 3290 celebratam
1367 3237 1466 3306 legibus
1480 3257 1560 3290 unam
1577 3255 1584 3290 t

137 3324 280 3377 Pactolus:
295 3324 370 3394 cujus
380 3342 461 3395 prope
473 3332 542 3396 ripas
554 3335 672 3397 tempore
690 3314 770 3377 verno
965 3328 1010 3397 qui
1022 3326 1128 3396 pelagus
1143 3326 1221 3395 primi
1236 3335 1366 3377 tentantes
1379 3324 1488 3377 naribus
1505 3324 1562 3380 altis

137 3412 163 3463 si
175 3410 280 3477 wduas,
294 3410 364 3464 dulci
377 3414 487 3483 capiaris
502 3422 609 3483 pectora
624 3420 703 3464 cantu
965 3411 1107 3484 disjunctas
1117 3424 1204 3481 gentes
1217 3409 1486 3481 docueruntjungere
1493 3432 1624 3477 mercem,

63 3508 120 3557 '195
140 3516 301 3566 cygnorum,
317 3509 426 3569 pascunt
441 3516 507 3569 quos
519 3498 608 3551 herbae
622 3498 732 3551 Rumina
744 3498 855 3550 circum.
966 3510 993 3551 et
1006 3499 1084 3569 primi
1097 3498 1177 3549 stellis
1191 3516 1316 3549 numeros
1330 3516 1481 3567 nomenque
1495 3493 1643 3563 dederunt,
1764 3500 1823 3551 850

139 3585 210 3636 Nam
225 3584 317 3638 llorerrt
329 3586 395 3638 Asiae
407 3604 454 3657 per
466 3604 572 3657 campos
586 3584 698 3657 plurima
711 3598 798 3656 prata;
966 3597 1045 3655 atque
1056 3584 1137 3637 oculis
1152 3589 1162 3651 (
1169 3576 1286 3653 mirum)
1299 3603 1374 3636 voces
1387 3587 1483 3636 sentire
1498 3584 1603 3653 liguris.¹
1633 3577 1635 3581 ’

141 3672 188 3724 scd
205 3664 332 3741 magis'ad
344 3672 452 3726 flurium
465 3674 604 3743 Mandri,
617 3674 717 3743 gurgite
732 3674 790 3725 miti
968 3674 1002 3724 Hi
1017 3689 1107 3723 muros
1122 3673 1197 3741 lopes
1211 3672 1361 3741 Gazamque
1373 3680 1399 3721 et
1413 3668 1503 3721 Elaida
1515 3668 1667 3739 complent,
1766 3662 1824 3735 luto)

58 3759 123 3833 (επ)
141 3776 223 3829 quern
232 3759 306 3829 juxta
318 3762 423 3815 volvens
435 3780 462 3813 se
473 3773 617 3815 murmurat
632 3760 703 3813 unda
713 3762 824 3830 Caystri.
968 3760 1155 3829 antiquamque
1163 3759 1264 3827 'Pyrum
1275 3797 1282 3820 ,
1295 3758 1383 3829 Beryti
1398 3768 1423 3808 et
1438 3758 1533 3808 mmnia
1548 3767 1627 3824 grata*
1635 3796 1648 3826 ,v

144 3847 208 3903 Post
219 3846 338 3898 bossunt
352 3848 440 3917 Lycii,
457 3866 523 3917 quos
536 3848 658 3900 Xanthus
670 3846 765 3899 dividit
777 3848 876 3911 amnis,
969 3846 1214 3916 vicinamque'mari
1225 3843 1333 3915 bybliu,
1345 3843 1495 3913 Sidonaque
1507 3842 1661 3914 pulchram„

67 3944 127 3993 300
144 3930 181 3987 ad
198 3947 267 3983 mare
280 3944 414 4000 vergentes
431 3950 437 3984 z
454 3934 500 4003 qrri
511 3934 594 3985 'lauri
607 3952 707 3985 cornua
719 3943 848 3997 cernunt,
970 3950 1048 4003 quam
1061 3931 1135 4001 juxta
1148 3928 1249 4001 liquido
1259 3932 1402 3982 Bostrenus
1414 3930 1517 3999 gurgite
1527 3930 1625 3991 currit,
1767 3927 1823 3985 855

66 4014 125 4087 (uo)
147 4036 230 4089 nsque
238 4017 271 4071 ad
278 4018 443 4091 Pamphylos,
453 4021 593 4092 perhibent
602 4039 680 4092 quem
688 4022 794 4073 rrmnlne
802 4023 924 4091 Cragum.
971 4031 997 4071 et
1015 4021 1138 4090 pinguem
1150 4018 1286 4089 Tripolin,
1298 4035 1347 4069 nec
1361 4035 1415 4067 non
1432 4012 1575 4067 Orthosida
1587 4032 1703 4075 sacram,

146 4104 205 4157 Illic
215 4106 321 4175 aspicies
335 4106 500 4179 Aspendum,
517 4108 612 4159 mmnia
624 4106 698 4176 cujus
975 4105 1106 4159 Laodicen
1118 4107 1215 4177 pariter
1225 4106 1336 4175 positam
1349 4120 1431 4173 prope
1443 4102 1504 4153 litus
1514 4119 1663 4165 ammarum,

149 4192 319 4293 Eupymcdon
335 4196 421 4247 amnis
435 4194 504 4249 radit
515 4182 599 4247 licina
613 4194 756 4271 profundo.
972 4203 998 4244 et
1011 4191 1098 4245 Posidi
1113 4202 1212 4253 turres,
1229 4202 1255 4241 et
1267 4190 1390 4259 Daphnes
1399 4190 1498 4259 optima
1515 4199 1602 4257 tempe
1769 4180 1833 4259 (ers)

149 4278 431 4350 Ctmtinuoquejacent
446 4281 500 4334 aliae
510 4280 687 4353 Pamphylidis
698 4280 775 4333 urbes
790 4300 795 4333 :
974 4281 1111 4333 Terrarum
1126 4279 1219 4331 mediis
1231 4284 1351 4349 Apameae
1368 4278 1463 4329 mmnia
1476 4276 1568 4339 claras,

74 4379 133 4429 805
151 4368 286 4437 (brycus,
302 4370 436 4437 Pergeque
448 4368 547 4432 calens,
562 4380 587 4421 et
596 4368 661 4420 celsa
676 4368 797 4425 Phaselis.
974 4364 1007 4418 ad
1020 4364 1095 4435 qu'us
1109 4376 1195 4436 partes
1208 4383 1267 4417 eoas
1281 4353 1364 4415 currit
1378 4366 1509 4425 Orontes,
1772 4360 1829 4410 860

71 4451 135 4525 test)
152 4455 206 4505 llas
217 4470 296 4523 supra
309 4452 401 4507 mediis
413 4452 531 4506 habitant
541 4453 639 4506 telluris
649 4454 675 4505 in
689 4455 770 4517 arvis,
977 4450 1101 4504 Antiochi
1116 4448 1218 4503 medius
1233 4450 1335 4504 dirimit
1345 4451 1392 4519 qui
1405 4450 1507 4519 gurgite
1519 4464 1608 4514 regna.
1774 4434 1834 4505 (⁹²0l

151 4539 186 4591 ad
200 4551 285 4611 partes
298 4552 388 4603 ortus,
401 4560 462 4611 gens
475 4540 541 4593 dura
555 4542 688 4611 Lycaones
703 4540 791 4593 armis.
977 4540 1040 4590 ttae
1049 4540 1135 4590 omnis
1146 4539 1236 4607 pingui
1253 4536 1328 4589 tellus
1342 4548 1380 4588 est
1393 4536 1473 4587 ubere
1486 4534 1559 4598 lata,

152 4628 216 4678 Post
223 4625 273 4679 hos
286 4626 404 4680 Pisidum
413 4628 582 4699 pinguissima
592 4644 654 4678 rura
665 4626 798 4695 coluntur,
978 4626 1117 4680 arboribus
1131 4626 1229 4697 pariter
1242 4626 1386 4695 pecorique
1400 4634 1426 4674 et
1439 4616 1581 4673 commoda¹
1593 4620 1650 4677 vitl,

153 4712 293 4765 Termesus
303 4752 311 4777 ,
323 4712 428 4785 Lyrbe,
444 4732 492 4765 nec
507 4730 559 4764 non
574 4712 715 4764 clarissima
730 4712 819 4781 Selgc,
978 4710 1012 4765 ad
1026 4712 1100 4780 cujus
1115 4712 1179 4763 lines
1193 4710 1298 4761 veniens
1309 4750 1316 4767 ,
1328 4728 1396 4779 quos
1410 4708 1530 4759 terminat
1541 4717 1637 4769 auster,

80 4812 141 4867 810
155 4800 240 4866 gentis
251 4799 386 4869 amyctaeae
398 4798 574 4870 pulcherrima
589 4798 686 4849 mmnia
697 4798 842 4867 quondam.
981 4798 1070 4853 Arabii
1082 4818 1171 4850 cernes
1186 4800 1295 4849 extremi
1306 4797 1382 4847 litora
1396 4796 1495 4866 pontl,¹
1775 4794 1831 4847 865

157 4884 226 4935 Hinc
240 4885 313 4937 sinus
326 4894 367 4937 est
376 4883 470 4953 longus
481 4880 608 4947 Cilicum,
624 4884 669 4955 qui
681 4884 764 4953 vergit
778 4884 810 4935 ad
825 4895 914 4947 ortus,
980 4887 1026 4954 qui
1036 4886 1137 4955 Syriam
1151 4882 1254 4936 medius
1268 4880 1432 4934 disterminat
1444 4878 1635 4950 arabiamque,
1781 4877 1839 4940 r=¹²⁶l

159 4968 254 5022 Erasini
267 4980 406 5041 penetrans
419 4971 515 5023 vicinas
527 4972 639 5041 aequoris
653 4972 736 5022 undas
750 4987 755 5022 :
981 4984 1006 5025 et
1022 4972 1104 5039 tangit
1119 4986 1227 5037 vergens
1241 4970 1369 5020 orientem
1381 4984 1471 5018 versus
1482 4966 1588 5018 Elanos.
1674 4972 1678 4979 '
1900 4996 1919 5033 9

77 5056 142 5135 (aa)
160 5056 231 5107 hune
241 5056 309 5109 tstae
322 5056 461 5127 perhibent
470 5058 587 5125 angustis
600 5056 719 5127 partibus
729 5074 794 5109 esse.
983 5060 1062 5111 Dives
1075 5057 1158 5110 Arabs
1168 5066 1226 5126 post
1240 5074 1306 5125 quos
1315 5055 1442 5106 latissima
1455 5052 1572 5124 possidet
1581 5071 1661 5113 arva,

160 5145 202 5195 cui
215 5154 302 5196 tamen
315 5144 443 5197 immenso
458 5144 530 5198 lluvii
545 5163 572 5196 se
586 5144 688 5215 gurgite
697 5144 823 5211 miscent,
984 5163 1043 5215 quae
1057 5153 1177 5215 protenta
1187 5142 1234 5193 diu
1250 5142 1393 5209 cinguntur
1407 5140 1441 5191 ab
1455 5158 1562 5209 aequore
1577 5137 1674 5191 Partho

87 5246 145 5302 315
161 5250 209 5302 per
221 5232 327 5305 longum
346 5234 471 5303 Pyramus
481 5234 593 5305 spatium
608 5232 769 5303 Pinarusque
784 5233 880 5298 voluti,
986 5232 1155 5302 Arabioque,
1171 5230 1228 5284 lerit
1241 5230 1372 5301 zephyrus
1385 5228 1457 5301 quod
1473 5229 1578 5281 llamine
1590 5243 1677 5290 saev03
1777 5223 1835 5290 hid
