3884 5925
227 477 282 530 xes
837 465 930 528 RUFl
951 465 1062 526 FESTI
1085 465 1221 528 attutu

224 599 328 654 eminus
342 599 466 670 Europen
477 615 637 670 proceraque
649 597 744 649 moenia
756 597 829 667 Byne

147 667 210 770 (3031
224 685 325 756 aspicit.
338 684 380 739 Ab
398 694 471 754 tergo
483 683 566 736 tendit
580 683 704 754 Bebrycia
717 681 833 750 glebam,

154 793 211 846 975
225 774 342 844 celsaque
351 769 476 826 nubiferae
489 770 600 834 sustollit
614 770 727 822 culmina
737 770 809 838 rupis

224 863 313 932 Mysus
326 878 403 929 ager;
419 861 506 930 Mysos
516 858 624 910 tacitum
638 855 749 909 dilsusus
764 857 790 908 in
805 873 895 926 aequor

224 958 347 1018 tergaque
356 947 494 998 flavescens
508 945 590 996 sulcat
605 945 666 996 Cius
681 940 819 1012 :hujusad
830 941 929 995 undam

224 1032 333 1102 pulcher
345 1031 424 1102 Hylas
435 1031 557 1100 nymphis
568 1029 703 1100 quondam
717 1027 767 1082 luit
781 1029 858 1080 anxia
872 1045 945 1082 cura.
987 1019 993 1028 ’

149 1124 209 1202 (eto)
224 1119 293 1170 Hinc
308 1119 335 1169 in
347 1115 485 1170 caeruleum
497 1113 567 1168 cedit
578 1117 650 1167 sinus
663 1113 874 1186 Hellespontum,

153 1226 210 1276 930
224 1204 335 1275 explicat
345 1214 372 1256 et
383 1203 522 1274 Phrygiam
538 1202 613 1255 tellus
624 1203 732 1255 incurva
745 1203 876 1254 Minorem
886 1222 894 1265 ;

223 1289 308 1360 Major
319 1288 445 1358 Sangario
457 1288 507 1340 lete
517 1287 710 1358 praestringitur
723 1287 805 1366 amni.

224 1378 287 1429 Haec
302 1376 394 1447 procul
402 1393 464 1429 eoos
477 1374 597 1446 procedit
612 1374 723 1446 plurima
735 1376 762 1427 in
775 1393 855 1440 axes,

224 1461 314 1515 lertilis
326 1462 466 1514 herbarum
478 1481 485 1526 ;
496 1479 548 1531 qua
560 1460 652 1513 caelum
667 1479 757 1512 rursus
772 1461 799 1513 in
813 1459 919 1514 umbras

223 1549 331 1602 inclinat
342 1560 444 1616 vertex,
461 1547 612 1620 penduntur
625 1558 696 1618 terga
706 1549 803 1600 Minori
815 1587 823 1613 ,

152 1658 209 1709 935
224 1653 282 1706 quae
289 1634 360 1706 jacet
372 1637 505 1688 immensa
518 1633 568 1686 late
576 1634 625 1686 sub
637 1633 746 1706 rupibus
755 1631 823 1700 Idae,

147 1743 198 1816 (m
224 1722 411 1775 infortunatam
421 1723 569 1794 pertingens
583 1722 679 1792 cespite
687 1719 804 1792 Trojam.

148 1831 199 1897 [020
261 1810 339 1863 AEolis
352 1808 414 1862 inde
428 1819 498 1881 patet
509 1818 609 1861 vastum
621 1826 700 1878 super
710 1809 907 1880 Hellespontum

225 1895 303 1966 AEgiei
313 1912 360 1966 per
371 1906 441 1963 terga
456 1894 511 1946 sali.
523 1893 643 1947 Prolixus
656 1895 754 1947 Ionum

224 2000 315 2038 rursus
326 1999 387 2051 ager
404 1969 505 2051 glebam
516 1979 691 2052 protenditur.
709 1982 786 2034 Hunc
798 1991 868 2033 secat
881 1982 973 2052 ingens

151 2101 210 2155 990
224 2068 374 2134 Maeander,
389 2069 499 2139 salsique
515 2069 594 2120 ruens
609 2067 673 2120 vada
685 2067 793 2136 gurgitis
806 2067 895 2120 intrat.

148 2155 378 2251 (mjcomminus
393 2155 437 2206 hic
450 2153 527 2222 gelidi
544 2170 598 2224 qua
611 2153 712 2223 spirant
724 2151 805 2204 flabra
819 2152 963 2223 aquilonis,

226 2242 287 2295 urbs
301 2242 419 2312 Ephesus
433 2243 529 2292 tetrice
545 2240 657 2292 sustollit
669 2238 729 2291 lana
739 2241 842 2305 Diana,

223 2349 319 2384 munus
333 2327 523 2382 Amazonidum
535 2325 711 2380 memorabile.
725 2327 779 2380 Nec
793 2329 880 2380 minos
887 2327 949 2382 inde

148 2435 210 2513 (m)
225 2416 307 2488 Lydia
318 2414 462 2487 procedens
471 2413 575 2480 longum
590 2413 656 2465 latus
667 2411 779 2484 explicat
793 2431 871 2478 euro,

151 2523 209 2576 995
225 2500 315 2572 inqua
328 2499 440 2580 vitilerae'
448 2499 556 2552 Tmolus
566 2497 630 2570 juga
642 2499 756 2570 proserit
765 2499 848 2564 arcis,

225 2601 251 2642 et
260 2588 378 2643 Pactolus
388 2605 468 2658 aquas
478 2589 530 2656 agit
540 2587 653 2656 auriger,
667 2606 728 2639 arva
738 2588 841 2640 canoris

225 2675 367 2745 persultant
384 2674 483 2744 cygnis,
500 2691 580 2727 curva
593 2671 665 2725 sedet
683 2673 798 2746 undique
808 2675 864 2746 ripa

149 2771 209 2849 (m)
224 2760 315 2812 creber
326 2759 392 2830 clos,
406 2759 470 2812 laetis
479 2769 618 2828 assurgunt
631 2760 747 2827 gramina
761 2763 871 2830 earnpis,

224 2846 356 2916 herbaque
366 2846 501 2900 luxurians
512 2846 569 2898 loca
579 2863 682 2916 semper
692 2843 798 2916 pinguia
810 2839 894 2903 vestit.
908 2881 910 2886 ·

133 2954 209 3007 1000
225 2931 275 2986 Sed
285 2931 413 3004 locuplete
426 2933 506 3001 magis
519 2930 662 2987 Maeandria
677 2929 749 2999 gleba
762 2933 891 2987 recumbit

224 3020 319 3083 ubere,
334 3037 395 3072 nam
405 3018 494 3071 blandi
506 3030 601 3072 terram
620 3021 685 3087 rigat
697 3018 769 3071 unda
785 3023 896 3091 Caystri.

223 3106 333 3159 Maeonis
347 3106 389 3159 hic
401 3106 479 3157 etiam
489 3104 596 3159 deducit
612 3105 688 3159 turba
702 3106 827 3159 choreas:

147 3211 208 3292 (Μ)
224 3215 302 3250 aurea
315 3196 476 3251 subnectunt
488 3195 655 3259 hermenia,
670 3197 736 3249 ritus
750 3194 843 3251 Iacche

221 3281 332 3349 luditur,
345 3292 423 3353 atque
436 3282 515 3335 sacris
529 3282 624 3335 feriunt
636 3281 777 3335 ululatibus
791 3285 914 3351 aethram,

132 3380 209 3431 1005
227 3368 411 3438 virgineusque
424 3366 521 3419 chorus
535 3367 585 3420 late
600 3367 708 3443 strepit,
719 3367 803 3421 exsilit
815 3373 901 3423 (imnis

221 3466 320 3519 ccettts,
337 3466 367 3508 ut
377 3454 508 3507 instabiles
523 3472 586 3523 vaga
598 3452 714 3525 pendent
727 3471 837 3525 corpora
849 3456 945 3525 damae;

224 3558 363 3595 caurorum
376 3558 481 3613 quoquc
494 3539 576 3591 {labra
593 3536 644 3593 deo
657 3537 808 3593 famulantia
817 3540 912 3595 ludunt

224 3628 318 3681 ritibus
333 3629 359 3680 in
376 3626 447 3699 vulgi
458 3648 466 3693 ;
476 3626 592 3679 subeunt
605 3624 661 3678 haec
673 3626 760 3679 Serica
775 3645 842 3699 saepe

145 3715 207 3797 (aaa)
224 3715 315 3785 pallia,
327 3726 354 3768 et
365 3714 470 3786 impulsi
481 3714 601 3785 zephyris
610 3713 743 3781 agitantur
751 3715 872 3769 amictus.

133 3805 208 3857 1010
225 3801 286 3853 Hac
302 3798 445 3871 linquenda
459 3810 545 3853 tamen
555 3798 614 3851 laeto
628 3816 689 3850 reor
702 3800 791 3851 omnia
808 3800 894 3873 Lydo.

258 3888 317 3953 Qua
330 3904 358 3939 se
370 3887 490 3939 Xanthus
502 3885 573 3953 agit,
594 3884 737 3955 Lyciorum
749 3884 867 3939 tenditur·
883 3907 929 3943 ora

226 3970 350 4024 inclinata
362 3972 426 4023 mari
438 4012 445 4036 ,
458 3980 569 4040 surgunt
581 3968 617 4020 ibi
632 3967 747 4021 culmina
759 3971 840 4023 Tauri

144 4062 205 4138 (Μ)
223 4060 381 4132 Pamphyliae
395 4061 422 4111 io
432 4058 496 4111 lines
513 4075 519 4111 ε
535 4058 577 4111 hic
589 4056 659 4109 idem
674 4056 772 4125 Cragus
783 4058 894 4114 habetor

223 4144 332 4197 nomine
343 4144 391 4196 sub
406 4145 499 4213 gentis.
515 4142 599 4215 Prope
612 4141 705 4195 celsam
720 4144 803 4211 surgit
817 4146 842 4197 in
853 4164 939 4200 arcem

131 4236 206 4297 1015
224 4230 317 4300 piscosi
331 4228 469 4299 Aspendos
487 4228 586 4281 flumen
601 4246 674 4281 secus
690 4228 912 4299 Eurymedontis,

223 4333 268 4369 eus
283 4316 330 4368 ubi
341 4315 467 4371 deformis
480 4314 570 4369 calidis
585 4316 706 4369 adoletur
718 4318 746 4368 in
758 4314 809 4367 aris

225 4418 294 4471 saepe
309 4401 423 4454 Dionaeae
436 4402 543 4462 Veneri.
557 4402 613 4455 Stat
624 4402 741 4473 Corycus
753 4400 819 4467 alta,

144 4498 204 4575 (ωδ)
223 4498 273 4540 stat
286 4490 366 4557 Perge
380 4499 495 4559 propter,
509 4490 587 4540 micat
599 4487 681 4541 ardua
695 4498 762 4541 tecta
773 4488 886 4541 Phaselis

222 4575 340 4637 eminus,
354 4584 380 4627 et
396 4572 487 4627 Phoebi
500 4571 579 4626 radiis
590 4575 678 4627 tremit
689 4574 797 4627 emulus
812 4575 901 4628 ardor.

133 4674 208 4731 1020
222 4660 288 4713 Inde
301 4662 437 4731 Lycaoniae
450 4671 547 4714 tractus
558 4660 636 4731 jacet.
653 4662 768 4733 Impiger
778 4638 854 4733 agros

222 4746 307 4800 iueela
318 4747 451 4811 decurrit,
465 4748 519 4800 sitit
532 4746 618 4801 atrurn
633 4748 690 4801 dira
699 4766 822 4803 cruorem

222 4848 285 4900 gens
299 4832 455 4898 hominum,
469 4844 496 4886 et
511 4852 580 4887 saevo
589 4846 736 4905 pascuntur
750 4847 856 4907 pectora
865 4834 943 4892 bello.

221 4917 293 4969 Tum
306 4914 392 4970 Pisida
405 4916 478 4971 lerox
492 4906 595 4971 exercet
608 4920 714 4992 pinguia
728 4921 812 4986 culta,

221 5002 426 5073 Termessusque
441 5002 537 5057 dehine
548 5004 610 5057 urbs
623 5007 729 5071 eminet,
744 5002 938 5063 eminet'arccm

132 5109 208 5163 ¹025
224 5089 318 5161 inclyta
328 5108 376 5161 per
385 5091 469 5144 nubes
481 5092 599 5145 attollens
611 5095 706 5147 moenia
717 5094 819 5165 Lyrbe,

22 5243 33 5257 ,
148 5179 206 5261 (tto)
223 5186 251 5229 et
262 5174 464 5229 lacedemonia
475 5188 587 5247 surgunt
599 5176 703 5251 lastigia
715 5179 817 5250 Selges.

223 5260 356 5321 leimus
364 5260 428 5319 binc
441 5273 520 5317 terras
531 5264 613 5318 intrat
625 5264 706 5328 sinus,
722 5264 844 5338 undaque
854 5266 929 5339 louge

1047 597 1133 650 vicina
1143 599 1249 651 Euxino
1259 599 1331 671 rupti
1344 599 1400 652 sola
1408 603 1513 672 cespitis
1523 614 1608 672 urget.

1046 685 1096 737 llic
1108 684 1181 737 diros
1195 686 1289 739 Cilices
1303 698 1398 740 trames
1407 700 1487 752 tenet,
1504 692 1585 761 ioque
1596 691 1649 744 diei

1046 769 1164 823 tenditur
1171 783 1302 825 exortum.
1318 773 1424 828 Sulcant
1432 775 1488 828 duo
1499 775 1608 830 flumina
1621 787 1729 842 terrem,

1046 857 1175 927 Pyramos
1189 859 1233 912 hic
1248 860 1332 912 undas
1341 901 1350 930 ,
1359 862 1404 914 hic
1416 861 1496 914 volvit
1507 864 1619 916 Pinaros
1630 882 1735 936 aequor5

1047 943 1156 1014 Cydnus
1165 947 1228 997 item
1240 945 1331 998 media
1343 946 1470 1000 discernit
1482 949 1579 1000 moenia
1587 949 1673 1006 Tarsi.
1696 999 1702 1020 ,

1047 1029 1158 1097 Pegasus
1168 1031 1218 1084 hoc
1227 1031 1290 1084 olim
1301 1032 1438 1104 suspendit
1454 1035 1552 1106 cespite
1563 1053 1633 1100 sese,

1047 1115 1230 1189 impressaque
1245 1119 1300 1171 solo
1310 1119 1387 1191 liquit
1402 1122 1509 1190 vestigia
1522 1121 1615 1188 calcis,

1046 1212 1113 1255 esset
1126 1213 1156 1255 ut
1166 1205 1261 1273 insigni
1271 1205 1387 1259 revoluta
1398 1208 1425 1259 in
1442 1208 1535 1260 secula
1547 1226 1650 1280 semper

1048 1305 1143 1340 nomen
1156 1288 1254 1354 humo,
1267 1290 1330 1343 clari
1342 1304 1401 1362 post
1410 1292 1502 1345 ultima
1515 1292 1735 1366 Bellerophontis.

1046 1374 1097 1428 llic
1107 1393 1195 1446 cespes
1205 1377 1255 1429 late
1265 1377 1389 1448 producit
1400 1380 1488 1433 Aleius
1496 1398 1571 1445 arra,

1046 1459 1230 1532 horrescitque
1241 1465 1324 1515 comis
1338 1483 1492 1531 nemorum,
1506 1484 1554 1537 per
1564 1467 1694 1539 inhospita
1704 1467 1782 1541 cujus

1049 1564 1155 1617 equora
1165 1559 1265 1601 secreto
1277 1551 1356 1602 vitam
1370 1561 1535 1622 protraxerat
1548 1571 1620 1622 agro.

1046 1634 1242 1704 Lyroeesusque
1255 1635 1365 1701 dehinc,
1376 1637 1419 1689 hic
1430 1637 1523 1690 Mallus
1538 1647 1564 1690 et
1575 1639 1731 1706 Anchialea,

1046 1717 1208 1792 illustresque
1218 1723 1270 1775 Soli
1279 1735 1338 1794 post
1349 1725 1465 1778 carmina
1480 1727 1546 1778 vatis
1555 1726 1663 1781 alumni.

1046 1807 1282 1876 Commagenorum
1295 1820 1403 1881 propter
1414 1809 1575 1863 diffunditur
1587 1830 1646 1876 ora,

1045 1903 1072 1944 et
1082 1894 1173 1964 presul
1186 1893 1334 1964 hesperium
1346 1907 1472 1949 curvatur
1483 1895 1557 1949 limes
1570 1899 1598 1949 io
1609 1916 1701 1963 axem,

1046 1980 1131 2033 donec
1143 1979 1267 2052 piniferae
1281 1983 1349 2035 Casii
1362 1994 1486 2054 prorepat
1497 1984 1530 2036 ad
1543 2003 1624 2040 arces.

1081 2067 1151 2119 Hinc
1167 2067 1247 2119 solers
1260 2069 1347 2120 Asiam
1358 2068 1425 2121 sacili
1438 2087 1500 2140 cape
1512 2072 1627 2136 carmine
1642 2081 1732 2126 totam.

1047 2153 1142 2208 Forma
1155 2155 1188 2206 sit
1201 2152 1280 2224 hujus
1293 2155 1364 2207 enim
1377 2155 1434 2207 talis
1448 2155 1495 2208 tibi
1512 2156 1655 2227 :quattuor
1668 2157 1736 2211 illam

1046 2237 1073 2290 in
1087 2239 1166 2292 latera
1179 2239 1289 2293 eliusam
1302 2239 1375 2292 cordi
1389 2239 1467 2304 dato;
1480 2241 1582 2312 longior
1596 2253 1684 2297 autem

1045 2325 1079 2378 sit
1091 2324 1187 2377 modus
1200 2325 1256 2392 his,
1272 2325 1342 2378 rutili
1356 2343 1414 2396 qua
1427 2338 1544 2398 spectant
1556 2328 1648 2381 sideris
1657 2339 1745 2381 ortum
1762 2346 1770 2375 ε

1046 2421 1154 2481 tumque
1169 2422 1227 2464 tene
1237 2411 1324 2484 primo
1335 2411 1408 2482 quod
1419 2413 1535 2466 carmine
1545 2415 1621 2467 Musa
1634 2413 1734 2478 locuta,

1045 2509 1126 2552 totam
1139 2498 1226 2552 Asiam
1242 2499 1300 2552 celsi
1310 2501 1433 2571 precingi
1443 2502 1539 2553 vertice
1552 2499 1630 2554 Tauri

1044 2585 1141 2636 extima
1154 2586 1181 2636 in
1196 2581 1335 2642 Indorum.
1347 2585 1445 2638 Montis
1457 2596 1544 2638 tamen
1556 2589 1644 2660 accipe
1656 2587 1751 2642 molem
1864 2608 1867 2622 ·

1044 2687 1091 2742 per
1104 2671 1170 2724 latus
1179 2671 1207 2724 id
1217 2671 1277 2726 duci
1285 2713 1292 2739 ,
1306 2691 1359 2744 quo
1372 2672 1417 2725 dat
1431 2674 1565 2745 Cynosura
1576 2676 1699 2746 pruinas,

1044 2756 1105 2809 solis
1118 2758 1152 2810 ab
1163 2756 1257 2810 occasu
1272 2768 1374 2811 vastum
1383 2757 1523 2811 decurrere
1532 2759 1640 2824 Nilum,

1045 2841 1164 2898 lodicum
1178 2846 1212 2898 ab
1222 2847 1276 2899 eois
1290 2865 1362 2900 mare
1373 2845 1487 2910 fervere,
1500 2865 1591 2901 rursus
1603 2847 1636 2902 ab
1648 2861 1736 2902 austro

1045 2930 1167 2985 fluctibus
1180 2931 1328 2985 immodicis
1342 2933 1424 2985 Rubri
1444 2933 1503 2986 salis
1517 2931 1623 3005 equora
1636 2935 1715 2991 volvi.

1045 3022 1099 3073 Ora
1111 3021 1205 3090 Syrtim
1216 3021 1290 3075 curvi
1303 3020 1479 3092 procumbens
1489 3021 1573 3074 litoris
1584 3033 1641 3076 acta
1712 3013 1714 3018 ¹

1045 3108 1071 3159 in
1084 3117 1177 3160 notum
1190 3118 1218 3160 et
1228 3109 1269 3160 eoi
1283 3108 1397 3161 confinia
1410 3106 1528 3162 tenditur
1542 3112 1609 3168 euri.
1836 3180 1839 3187 Ι

1044 3194 1107 3247 Hac
1119 3194 1190 3247 cete
1202 3205 1242 3247 est
1252 3194 1333 3265 Grajo
1347 3195 1396 3247 sub
1408 3197 1515 3249 nomine
1528 3215 1535 3249 z
1547 3214 1662 3269 namque
1673 3194 1781 3251 duobus

1045 3291 1075 3333 ut
1088 3281 1209 3334 conclusa
1219 3279 1289 3352 jugis
1304 3282 1375 3335 vallis
1386 3283 1442 3335 vice
1455 3285 1534 3338 multa
1546 3297 1662 3344 cavatur.
1843 3276 1845 3279 Δ

1045 3366 1087 3421 Ab
1100 3367 1214 3439 zephyro
1224 3368 1314 3420 fasius
1326 3386 1402 3420 mons
1411 3370 1544 3435 imminet;
1556 3388 1605 3425 axe
1618 3371 1670 3424 diei

1044 3454 1223 3523 consurgentis
1236 3455 1298 3507 item
1313 3456 1427 3509 Libanus
1440 3458 1535 3528 premit
1545 3457 1643 3510 arduus
1651 3476 1721 3514 arva.

1044 3541 1107 3594 Pars
1118 3541 1211 3612 procul
1226 3560 1242 3594 a
1255 3542 1346 3613 pelago
1357 3554 1439 3597 terras
1450 3545 1525 3611 colit,
1542 3546 1621 3616 ioque
1632 3563 1734 3598 recessu

1044 3645 1107 3697 geos
1119 3630 1207 3698 agitat.
1221 3630 1292 3683 Salso
1304 3630 1433 3701 quidquid
1445 3631 1563 3702 pulsatur
1571 3632 1605 3685 ab
1616 3644 1697 3697 aestu,

1044 3713 1199 3767 Phoenicum
1213 3716 1285 3785 regio
1299 3726 1347 3768 est.
1357 3718 1392 3768 lli
1404 3716 1496 3771 Rubro
1508 3737 1523 3771 a
1536 3720 1638 3788 gurgite
1653 3718 1790 3789 quondam

1044 3809 1178 3853 usumvere
1191 3799 1303 3868 domos,
1317 3802 1449 3872 primique
1461 3821 1509 3874 per
1522 3822 1628 3875 aequora
1640 3806 1709 3857 vecti

1044 3886 1187 3939 lustravere
1198 3887 1295 3956 mlum,
1309 3889 1388 3959 primi
1403 3888 1516 3942 docuere
1526 3891 1622 3943 carinis

1044 3974 1111 4027 serre
1124 3976 1193 4027 cavis
1202 3974 1273 4029 orbis
1287 3977 1461 4042 commercia,
1474 3976 1559 4029 sidera
1568 3978 1645 4048 primi

974 4123 976 4126 Ι
1043 4078 1178 4113 servavere
1189 4060 1252 4132 poli.
1269 4061 1373 4132 Populis
1387 4062 1554 4115 Phoenicibus
1565 4081 1627 4133 ergo

1044 4148 1107 4200 urbs
1119 4151 1198 4219 Iope,
1210 4147 1356 4219 sterilisque
1366 4148 1462 4201 dehinc
1476 4148 1610 4201 habitatur
1628 4148 1714 4213 Elais,

1043 4236 1166 4305 Garaque
1179 4236 1295 4306 proceris
1307 4253 1443 4304 assmgens
1455 4236 1574 4307 undique
1588 4238 1679 4290 muris.

1044 4320 1087 4375 bic
1099 4322 1183 4392 Tyrus
1196 4331 1235 4374 est
1248 4322 1375 4393 opulens,
1389 4332 1416 4375 et
1425 4324 1535 4393 Berytus
1547 4324 1661 4393 optima,
1674 4324 1769 4395 Byblos

1043 4409 1196 4480 Sidoniique
1203 4408 1286 4474 lares,
1297 4409 1343 4461 ubi
1354 4408 1443 4462 labens
1451 4411 1554 4478 agmine
1561 4428 1664 4463 amoeno

1043 4498 1147 4567 cespitis
1161 4486 1253 4565 irrigui
1268 4496 1407 4549 Bostrenos
1417 4494 1509 4566 jugera
1523 4494 1608 4553 findit.

1042 4582 1098 4635 Nee
1109 4582 1196 4634 minus
1208 4581 1252 4633 hic
1261 4581 1375 4652 Tripolis
1384 4583 1475 4653 pingui
1489 4582 1542 4634 sola
1554 4582 1664 4653 porrigit
1675 4596 1753 4651 agtcg

1042 4669 1216 4738 Orthosisque
1226 4667 1322 4720 dehinc
1335 4668 1474 4733 attollitur;
1487 4668 1531 4721 hic
1543 4668 1678 4721 Marathus
1690 4680 1749 4734 stat;
1836 4674 1902 4739 1075

1044 4754 1128 4808 litoris
1141 4749 1260 4808 extremo
1270 4766 1349 4827 caput
1361 4756 1420 4809 altis
1431 4756 1549 4809 turribus
1558 4756 1635 4809 ellert
1724 4817 1727 4821 A

1043 4841 1174 4905 Laodice,
1185 4851 1212 4894 et
1223 4840 1305 4911 glauci
1318 4840 1497 4913 praelambitur
1510 4843 1622 4913 equoris
1633 4842 1713 4898 unda.
1833 4834 1887 4911 (ata)

1043 4928 1094 4983 llic
1103 4946 1239 4981 nemorosa
1251 4928 1336 4980 virent
1350 4927 1467 4998 Daphne
1476 4927 1546 4991 loca,
1557 4926 1624 4981 celsa
1636 4944 1772 5001 cupressus

1042 5015 1160 5085 erigitur,
1175 5032 1262 5067 ramos
1274 5014 1381 5067 innectit
1394 5012 1482 5065 laurus
1491 5012 1572 5066 odora
1579 5054 1589 5079 ,

1042 5101 1115 5153 crine
1128 5100 1237 5152 Diooaeo
1250 5109 1351 5169 myrtus
1361 5097 1531 5161 diffunditur,
1543 5098 1600 5153 altae
1833 5096 1902 5151 1080

1042 5194 1203 5254 consurgunt
1216 5184 1310 5254 pinus,
1324 5194 1351 5236 ct
1363 5182 1455 5236 calum
1467 5179 1540 5237 sibila
1551 5183 1656 5257 pulsent
1705 5245 1709 5251 ,

1043 5270 1155 5337 robora,
1168 5267 1323 5323 mollicomis
1334 5267 1407 5324 telius
1421 5268 1575 5325 insternitur
1582 5268 1681 5326 herbis.
