3884 5925
604 438 781 502 ANAPLUS
804 442 967 504 rosrottr
989 445 1160 506 Tttttactt.
1634 465 1671 513 45

90 571 248 643 questoria,
273 581 300 626 at
321 589 426 626 sursum
454 589 541 627 versus
560 572 706 628 secundum
728 571 854 628 &cursus
898 574 965 630 duos
979 587 1073 646 pontes
1090 587 1179 647 postea
1192 575 1282 630 iecisse
1295 579 1416 633 trecentis
1428 580 1531 634 circiter
1545 581 1672 651 naribus,

89 661 190 730 Enqrtri
216 661 244 712 in
266 658 459 727 longitudinem
479 659 581 712 circiter
607 661 687 712 trium
709 659 853 714 stadiorum
900 661 1179 732 totidemqueancoris
1194 662 1300 729 ferreis,
1315 663 1466 736 duplicique
1484 678 1576 721 ostem
1589 667 1674 722 ferres

90 743 220 796 ducatum.
256 745 381 797 Diversus
399 755 439 796 est
457 743 576 798 defluxus
606 745 736 814 Bospori;
757 744 853 799 alicubi
897 748 1049 813 stabiliisse;
1070 751 1173 819 hocque
1195 752 1301 804 Gtacos
1322 763 1429 822 poetas,
1450 755 1544 808 Xerxis
1569 755 1672 821 hostes,

89 835 150 886 eninr
161 831 286 901 rapidior,
299 832 393 886 alicubi
405 831 529 886 sedatior.
563 834 596 886 ln
605 833 692 902 primo
700 831 784 886 sidio
795 851 855 904 per·
897 833 994 904 quibus
1007 835 1153 888 Herodotus
1165 834 1296 888 interdurn
1307 836 1398 889 seduci
1415 838 1496 902 solet,
1508 839 1673 908 designasse,

89 920 178 970 t'ussnte
197 934 302 971 sursum
320 917 437 970 strictior
456 927 496 970 est
517 927 544 970 et
567 915 695 982 sarlatium
713 928 741 972 st
755 919 782 970 in
798 918 854 972 aliis
898 937 975 981 cum,
991 922 1089 988 tragice
1101 933 1283 990 exaggerantes
1297 923 1434 993 trajectum
1455 927 1564 990 Xerxis,
1582 927 1676 980 dicunt

88 1002 182 1054 duobus
189 1002 283 1080 stodiis
293 1002 412 1071 rapidior
419 1013 447 1054 et
459 1003 624 1059 immorior.
663 1005 772 1072 Aporta
783 1005 854 1058 enim
898 1007 1013 1060 Xersem
1027 1005 1155 1059 dissoluto
1167 1010 1256 1077 primo
1266 1020 1345 1079 ponte
1357 1019 1472 1064 uccetua
1492 1011 1597 1064 verbera
1615 1010 1676 1063 Hel·

87 1087 211 1144 ament
223 1085 258 1138 ad
270 1085 404 1142 dmentem
422 1086 488 1143 latus
501 1086 626 1152 orientale
639 1087 778 1155 ungarium,
800 1105 854 1158 quo
898 1093 1249 1162 lerpnntoialiixisse1,hoc
1267 1103 1307 1150 est
1327 1096 1488 1168 projectione
1500 1108 1674 1150 trecentarum

88 1171 289 1241 promontorium
307 1172 458 1227 inmun
482 1170 621 1227 abducitur
642 1173 669 1224 iu
686 1189 807 1227 occasum
818 1173 853 1231 ad
898 1194 1053 1232 ancorarum
1064 1178 1260 1249 Hellespontum
1273 1189 1396 1250 tanquam
1407 1183 1459 1234 ictu
1468 1183 1637 1254 percussisse,
1649 1191 1676 1234 et

88 1259 166 1310 doum
178 1255 326 1334 Cbeleum,
342 1257 427 1310 fluxus
444 1256 550 1326 rapidus
564 1267 639 1310 estet
653 1257 810 1322 vorticosus,
829 1269 854 1312 et
897 1263 952 1318 duo
963 1265 1216 1336 vinculaicrrearum
1229 1266 1380 1336 pedicarum
1392 1267 1525 1338 injecisse,
1536 1268 1563 1320 id
1579 1279 1617 1320 est
1626 1267 1676 1320 du-

88 1343 165 1394 miuus
179 1351 305 1408 angustus
315 1339 446 1409 trajectus.
483 1341 746 1412 ltaqueMandroclcs
760 1343 854 1396 nobilis
897 1350 1236 1420 plicemcalenam,utapud
1243 1351 1370 1422 oppidum
1378 1354 1677 1422 nuncupatumZeugma

88 1428 232 1481 architectus.
243 1426 558 1483 eritaredcbuitrortices
569 1439 594 1480 et
605 1427 726 1500 rapidum
743 1429 852 1483 fluxum.
898 1453 928 1488 cr
945 1453 992 1499 cn,
1004 1435 1075 1505 quod
1093 1435 1202 1488 navibus
1219 1435 1256 1488 ibi
1268 1453 1334 1506 pons
1342 1433 1449 1506 junctus
1462 1436 1603 1490 diuturnus
1617 1455 1676 1508 per·

87 1514 152 1566 Ultra
163 1513 242 1580 igilur
254 1514 392 1568 tteooesut
401 1524 503 1582 portam
517 1531 583 1582 pons
597 1513 705 1584 junctus
718 1513 782 1578 luit,
800 1507 854 1566 non
899 1521 1037 1585 manserit,
1054 1518 1152 1590 duplici
1168 1531 1259 1572 catena
1279 1521 1464 1576 corroboratus
1481 1521 1579 1584 ferrea,
1596 1540 1676 1592 quam

88 1608 148 1652 reeta
160 1598 200 1649 ria
210 1581 447 1656 aoemoisermeo
458 1595 601 1668 procedens
607 1596 640 1649 ad
651 1609 763 1650 castrum
776 1597 851 1662 Asiae,
897 1604 930 1657 ab
944 1615 1018 1658 aetate
1028 1603 1169 1658 Alexandri
1184 1605 1219 1658 ad
1231 1623 1305 1658 suam
1319 1617 1420 1660 oetatem
1435 1607 1532 1660 Plinius
1544 1611 1553 1672 (
1564 1608 1607 1670 34,
1620 1608 1674 1674 43)

89 1683 238 1754 sedobliqoa
252 1683 421 1754 paulosupra
432 1693 544 1738 castrum
558 1681 790 1756 adlocum,quem
799 1683 854 1754 jam
897 1688 977 1742 tradit
999 1689 1124 1743 exstitisse
1143 1689 1213 1760 apud
1233 1691 1395 1762 Euphratem
1416 1692 1443 1742 in
1466 1691 1531 1744 urbe
1550 1691 1676 1762 appellata

91 1772 162 1826 Greci
172 1771 305 1841 appellant
319 1771 463 1833 cornum,
478 1780 600 1848 corrupte
614 1772 687 1840 quasi
699 1771 853 1834 Cironium,
898 1774 1048 1844 Zeugmate,
1063 1776 1109 1828 ubi
1126 1775 1273 1830 Alexander
1286 1779 1397 1846 Magnus
1410 1788 1516 1848 pontem
1539 1777 1674 1836 vinxerat.

91 1858 150 1928 qiud
171 1876 202 1910 ex
221 1857 327 1928 Anaplo
351 1858 471 1930 Dionysii
497 1867 556 1928 post
579 1857 714 1910 ostendam
742 1875 774 1910 co
796 1857 854 1915 loco
897 1860 1109 1932 cujusannulos,
1123 1865 1168 1934 qui
1183 1863 1272 1916 resecti
1287 1863 1411 1930 luissent,
1426 1865 1462 1916 ait
1475 1861 1596 1932 rubigine
1612 1863 1676 1916 inie-

91 1947 171 2008 tithse,
190 1963 273 2014 quem
296 1961 367 2000 nunc
383 1944 512 2020 appellant
529 1946 667 1996 Cormum.
704 1946 776 1997 Darii
790 1963 855 2016 pon·
897 1946 1233 2010 statoslnisse,mrentibus
1245 1947 1427 2019 eaprioribus.
1465 1949 1576 2002 Comes
1590 1948 1678 2002 Media

90 2043 134 2084 tem
152 2033 270 2100 quumvis
285 2029 435 2084 Herodotus
456 2047 510 2082 non
523 2029 597 2082 aliter
616 2027 753 2094 describit,
775 2047 852 2098 qnam
896 2048 943 2101 per
968 2034 1183 2102 Mesopotamiam
1204 2035 1254 2084 iter
1273 2032 1416 2086 laceremus
1428 2033 1463 2085 ad
1481 2033 1612 2103 Syriacam
1624 2035 1676 2088 Bc·

89 2117 200 2170 duntssat
212 2116 326 2170 naribus
338 2114 461 2183 junctum
472 2114 550 2166 luisse
564 2133 571 2168 ;
587 2124 674 2166 tamen
688 2115 854 2186 talem,qua-
897 2135 992 2182 roeam,
1013 2137 1092 2188 quam
1114 2137 1185 2171 nunc
1206 2128 1299 2171 vocant
1318 2119 1429 2188 Chaicp,
1450 2120 1476 2171 in
1494 2138 1553 2171 arce
1574 2122 1676 2190 Byrana

89 2201 130 2254 lem
144 2211 231 2271 poetca
240 2202 342 2252 Χεηω
350 2201 424 2255 Darii
437 2199 541 2252 iiliusin
552 2199 669 2252 saucibus
684 2199 851 2268 Hellesponti,
899 2202 987 2272 (air)
1006 2205 1056 2256 sita
1076 2205 1101 2256 in
1116 2205 1303 2273 Mesopotamia
1318 2202 1394 2273 juxta
1412 2203 1589 2275 Euphratem,
1608 2205 1677 2256 inter

86 2286 200 2354 junxerit,
239 2285 389 2339 Verisimile
400 2285 470 2341 enim
487 2295 525 2336 est
544 2284 626 2336 lilium
642 2294 759 2339 secutum
774 2286 854 2354 petris
897 2289 1011 2356 Zeugma
1030 2290 1173 2342 etiamnum
1188 2288 1344 2360 appellatum
1361 2299 1387 2341 et
1405 2290 1579 2360 Hierapolim,
1593 2300 1677 2342 ersta-

87 2371 245 2434 architectum
259 2381 317 2424 lum
327 2371 395 2424 ratio
406 2369 496 2424 suadet
508 2369 600 2422 melius
611 2368 665 2420 fieri
675 2385 727 2420 non
741 2371 854 2440 potuisse
900 2372 944 2426 bat
958 2372 1041 2426 ferrea
1054 2385 1159 2436 catcna;
1173 2392 1230 2426 cam
1249 2375 1455 2446 antiquissimam
1470 2393 1525 2427 esse
1538 2373 1675 2440 dicebaot;

87 2459 277 2527 alienoquam
295 2469 340 2510 aut
361 2458 476 2510 aXerxe
490 2457 517 2508 in
536 2455 694 2526 Hellesponti
714 2457 852 2524 angustiis,
898 2477 957 2529 qua
979 2478 1040 2510 cum
1060 2470 1100 2512 tot
1111 2459 1198 2512 secula
1211 2458 1287 2514 ittasa
1306 2464 1502 2531 permansisset,
1519 2460 1598 2532 paulo
1617 2471 1677 2532 post

87 2556 146 2596 suta
159 2546 285 2596 Romame»
299 2546 325 2596 in
342 2545 435 2596 Rheno
447 2543 630 2614 Euphrateque
644 2553 668 2594 et
679 2543 761 2612 Tigri.
777 2545 854 2596 Fece·
899 2545 1182 2616 quambaccxercitus
1202 2545 1324 2616 trajectus
1337 2557 1375 2598 est
1394 2547 1520 2599 dissoluta
1540 2556 1587 2598 est.
1625 2545 1677 2598 Alii

88 2639 140 2684 rum
153 2629 223 2682 bunc
239 2628 323 2682 lerrne
342 2629 368 2680 in
390 2626 499 2678 modum
521 2644 527 2680 :
546 2645 622 2678 nares
637 2626 718 2697 planae
738 2645 752 2679 a
768 2627 855 2680 littore
898 2629 1035 2692 dicebant,
1049 2641 1121 2684 metu
1131 2633 1285 2694 Persarum,
1298 2630 1341 2682 alii
1352 2632 1459 2683 avaritia
1471 2630 1585 2701 ferrique
1595 2633 1677 2685 attriti

88 2713 116 2766 sd
127 2714 193 2768 littus
213 2713 377 2769 contrarium
390 2751 398 2776 ,
413 2722 512 2764 certum
531 2711 693 2764 intervallum
713 2711 854 2778 distantes,
900 2727 1024 2770 vetustate
1037 2718 1101 2787 (quo
1109 2717 1273 2770 attritissimo
1281 2735 1360 2788 opera
1369 2735 1427 2787 quae
1437 2714 1562 2768 dicuntur
1570 2719 1678 2769 Damas-

88 2798 144 2850 inter
156 2816 182 2850 se
194 2797 383 2868 disponamur,
392 2813 502 2866 quarum
516 2813 600 2868 prorae
614 2808 704 2848 contra
715 2796 854 2852 decursum
898 2820 961 2854 cena
971 2802 1026 2854 fieri
1036 2801 1284 2868 solent)Turcorum
1292 2813 1405 2874 satrapas
1412 2799 1549 2866 adductos,
1558 2812 1676 2879 catenam

89 2885 233 2939 malidentis
256 2884 364 2936 directae
381 2883 547 2938 stabiliuntur
566 2884 669 2934 ancoris
688 2893 733 2936 aut
757 2885 855 2936 acervis
899 2887 965 2938 hanc
975 2886 1130 2938 dissolvisse.
1158 2890 1223 2954 Quae
1234 2897 1325 2940 utrum
1344 2884 1474 2951 essetilla,
1486 2904 1564 2958 quarn
1577 2887 1676 2939 Plinius

88 2971 208 3043 lapidum,
228 2973 303 3041 virga
322 2982 367 3037 aut
379 2988 453 3023 ramo
470 2971 641 3023 circumtorto
659 2970 851 3035 circumclusis,
898 2982 1095 3036 commemorat,
1106 2973 1172 3023 scire
1183 2990 1236 3023 nun
1248 2972 1337 3043 potui,
1349 2982 1523 3042 pervetustam
1532 2983 1601 3023 certe
1613 2990 1677 3023 con·

90 3059 111 3109 in
124 3056 214 3109 radnm
232 3054 357 3125 dejectis,
373 3074 405 3112 ex
422 3074 499 3125 prora
512 3054 642 3130 appensis.
679 3056 762 3127 Supra
778 3076 855 3111 naves
895 3057 1292 3129 jectaviexanmdouno,quem
1306 3058 1676 3111 vidiBermaevetustissimum

91 3143 163 3197 inires
177 3154 331 3201 transversae
345 3144 536 3207 immittuntur,
552 3142 652 3213 navigia
666 3141 813 3213 colligantes
829 3156 855 3197 et
898 3144 1022 3215 quidem,
1040 3142 1085 3195 scd
1098 3162 1164 3214 paene
1185 3154 1270 3197 totum
1290 3143 1410 3213 rubigine
1426 3154 1569 3196 carentem.
1592 3145 1677 3195 Miror

91 3231 250 3294 edidimus,
270 3232 367 3301 partim
382 3232 451 3307 inter
468 3248 510 3291 se,
531 3248 563 3281 ne
576 3229 742 3297 collidantur,
760 3234 855 3303 partim
898 3232 1072 3303 Pomponium
1090 3230 1183 3283 Melam
1194 3235 1240 3297 (a,
1251 3248 1278 3293 a,
1292 3234 1347 3299 79)
1363 3240 1560 3299 exaggerantem
1578 3231 1676 3282 mirum

92 3318 334 3372 nussustineant
344 3318 480 3371 transitum
491 3317 658 3387 praebituras,
668 3318 855 3387 praetcreadun
898 3328 976 3389 atque
998 3318 1089 3387 ingens
1107 3318 1226 3383 facinus,
1242 3318 1355 3368 Xerxem
1369 3334 1402 3368 ex
1423 3318 1484 3369 Asia
1505 3318 1532 3368 in
1548 3318 1677 3369 Graciarn

92 3401 243 3457 nisibinus
260 3403 409 3457 antsence
423 3413 519 3458 catena
532 3402 654 3455 sublimes
665 3422 742 3475 supra
755 3406 856 3473 navigia
898 3404 1012 3477 peditem
1034 3406 1115 3457 maria
1135 3415 1322 3471 transgressum
1350 3402 1445 3467 inisse,
1471 3403 1678 3473 Ciceronemque

90 3504 117 3537 et
134 3498 242 3557 ueroque
262 3488 343 3541 tatere
365 3506 513 3559 suspensae,
531 3505 583 3557 una
602 3486 679 3557 pardo
697 3506 774 3559 snpra
795 3508 856 3559 pro·
898 3495 952 3559 (Dc
969 3492 1015 3543 lin.
1031 3508 1064 3555 a,
1078 3492 1130 3559 34)
1145 3492 1172 3541 in
1190 3492 1348 3541 immensum
1361 3490 1457 3541 Xerxis
1477 3488 1613 3558 trajectum
1632 3508 1677 3541 er·

89 3591 152 3637 rant,
163 3574 322 3629 alterainl'ra
335 3576 460 3647 puppim,
471 3574 581 3627 succulis
593 3576 756 3627 contentaein
769 3576 856 3629 littore
900 3579 1044 3632 tollentem.
1067 3602 1078 3623 ·
1095 3580 1207 3641 Xerxes,
1222 3576 1322 3647 inquit,
1337 3576 1426 3627 'acaria
1443 3575 1610 3640 ambularit,
1626 3586 1677 3627 ter·

90 3658 185 3723 defixis,
196 3660 336 3713 stabiliunt
344 3678 431 3722 naves,
441 3671 519 3729 atque
530 3670 635 3711 tuentur
646 3671 735 3713 contra
749 3674 854 3726 rentns;
899 3684 1003 3735 rumque
1015 3662 1165 3733 usnimada
1180 3688 1191 3708 ι
1212 3662 1287 3714 Idem
1304 3662 1355 3714 alio
1366 3662 1423 3713 ioco
1437 3680 1442 3713 :
1461 3662 1550 3715 Maria
1565 3660 1678 3733 pedibus

92 3755 192 3813 etergo,
204 3764 219 3798 a
229 3744 335 3809 fronte,
346 3763 364 3797 a
376 3744 498 3797 lateribus
508 3744 592 3795 trabes
608 3755 757 3797 transversae
767 3749 856 3817 positae
896 3748 1061 3821 praegravis,
1072 3748 1199 3799 classibus
1208 3759 1321 3809 mames,-
1336 3764 1419 3819 quum
1431 3766 1502 3799 marc
1516 3744 1678 3801 Adriaticum

93 3830 234 3885 defendunt.
273 3834 321 3885 His
341 3833 466 3902 praescitis
483 3831 584 3885 facilius
608 3833 763 3903 intelligetur
777 3833 857 3887 dubia
900 3846 1120 3907 tempestuosum,
1134 3833 1295 3884 intercedens
1307 3833 1375 3885 inter
1385 3830 1553 3903 Hydruntum
1565 3843 1590 3885 et
1603 3831 1680 3902 Apol-

93 3926 113 3967 εἰ
132 3918 249 3988 meaa
272 3918 400 3971 Herodoti
422 3920 467 3987 (7,
488 3918 538 3985 35)
559 3918 713 3987 descriptio,
737 3936 796 3971 cunt
822 3922 856 3973 ait
901 3919 1128 3989 ioniam,amplius
1137 3918 1270 3985 sexagenis
1283 3914 1606 3987 millibuspassuumlatius
1618 3913 1679 3969 Hei·

94 4004 210 4070 xerxem,
230 4006 277 4059 ubi
288 4006 391 4076 primus
406 4023 488 4077 pons.
505 4007 549 4075 qui
563 4006 672 4059 naribus
682 4004 790 4075 junctus
802 4007 857 4061 iue-
901 4007 1034 4075 lesponto,
1049 4004 1159 4073 pedestri
1181 4004 1334 4055 motinuate
1346 4003 1462 4053 exercitu
1481 4002 1606 4071 pontibus
1626 3998 1678 4071 jac·

94 4098 127 4139 rat
138 4092 163 4144 in
176 4091 363 4161 Heihsponlo,
385 4090 525 4143 dissolutus
544 4090 609 4155 ipit,
625 4090 787 4161 indignatum
809 4104 859 4145 tro-
902 4094 933 4143 tis
951 4092 1067 4160 primum
1085 4086 1286 4159 PyrrhusEpiri
1301 4106 1345 4138 rex
1362 4086 1526 4154 cogitaverit,
1542 4095 1676 4157 postcom

95 4184 158 4225 ceula
170 4175 278 4233 verbera
295 4176 363 4229 mari
380 4174 520 4238 inflixisse,
531 4174 636 4243 duoque
650 4174 751 4227 vincula
764 4174 859 4229 ferrea·
901 4172 1677 4244 M.Varrn,cunrclassibusPompeipiraticobellopraeesset3

96 4275 146 4309 rum
153 4259 304 4332 pudicarum
315 4259 433 4330 injecisse
446 4262 472 4311 in
486 4278 573 4325 mare,
586 4271 614 4312 ut
627 4260 653 4313 id
668 4271 790 4331 tanquam
805 4280 858 4315 ser·
902 4264 947 4317 sed
960 4262 1164 4333 utrumquealiae
1178 4260 1424 4333 impediverecurcc.
1462 4260 1678 4313 ttex‘rirrcorum

96 4357 148 4393 tum
162 4347 366 4413 consbingeret,
381 4355 406 4397 et
420 4362 468 4413 pro
486 4356 631 4423 unopontc
647 4345 714 4398 duos
727 4357 859 4417 ponteser
903 4352 1004 4423 quotics
1023 4352 1167 4403 exercitum
1188 4346 1282 4417 trajicit
1303 4348 1329 4399 in
1353 4348 1455 4412 Asiam,
1480 4347 1569 4417 paucis
1587 4344 1680 4397 diebus

98 4433 205 4483 umentis
224 4434 329 4485 circiter
356 4432 466 4491 naribus
486 4432 540 4483 lieri
560 4431 682 4502 jussisse,
707 4434 860 4503 ancorisque
903 4448 989 4508 posset
1003 4439 1148 4507 Bosporum
1163 4432 1272 4487 navibus
1288 4444 1453 4485 consternere
1463 4442 1542 4503 ponte
1554 4432 1682 4501 superim-

99 4514 198 4580 saman,
214 4530 244 4571 ut
257 4522 373 4571 immolar.
385 4529 535 4581 manerent,
550 4529 653 4589 atquea
670 4520 813 4573 continenti
827 4521 859 4573 ad
905 4522 1152 4592 posito,toturnque
1166 4520 1308 4572 exercitum
1322 4518 1395 4569 brevi
1416 4527 1534 4587 tempore
1546 4517 1678 4586 trajicere,
1727 4520 1733 4529 '

100 4605 241 4655 contrariam
264 4606 443 4656 continentem
467 4602 636 4656 validissimos
659 4604 734 4657 funes
754 4616 860 4658 conten·
905 4606 950 4659 sed
973 4608 1110 4677 utriusque
1123 4605 1280 4659 continentis
1293 4604 1417 4656 dominus
1431 4602 1595 4657 multosdies
1615 4620 1680 4655 con·
1733 4653 1737 4661 ,

101 4682 158 4736 disse
166 4690 294 4757 ungussrns
308 4688 414 4759 ligneis,
428 4689 479 4740 hoc
490 4698 544 4753 cst,
555 4691 627 4758 quasi
637 4690 760 4747 succulis.
781 4693 861 4761 Eqrti-
905 4708 1008 4745 sumere
1019 4702 1107 4762 potest
1119 4693 1148 4743 in
1161 4692 1277 4743 exercitu
1296 4688 1514 4759 transportando,
1526 4706 1605 4758 quom
1617 4705 1681 4758 pou·

100 4766 152 4820 dem
165 4772 341 4843 ὶμεμὶιιιιιιι
351 4784 460 4845 {mntem
474 4784 539 4843 puto
551 4792 603 4827 non
613 4776 731 4839 anmris,
744 4775 789 4829 sod
799 4776 861 4846 ispi·
905 4782 941 4831 cis
955 4778 1065 4831 narilms
1083 4777 1231 4831 triremium
1246 4772 1445 4827 similitudinem
1462 4772 1610 4842 gerentibus
1623 4773 1681 4825 latis
1754 4814 1762 4829 ,

103 4853 156 4907 dum
172 4863 285 4925 acerris,
303 4880 358 4915 uon
381 4862 494 4924 catenis,
514 4857 559 4912 sed
581 4860 686 4914 ionibus
704 4862 860 4928 stabilitum,
907 4860 1002 4932 trajicit
1014 4864 1051 4915 its
1070 4859 1288 4923 accommodatis,
1304 4868 1333 4921 ut
1354 4858 1433 4928 plano
1444 4858 1511 4928 pede
1525 4860 1552 4911 in
1568 4875 1680 4923 narem,

104 4947 283 5011 tempestatibus
308 4946 464 4999 dissolutum
503 4944 591 4999 luisse.
628 4950 719 5016 ltaque
749 4948 862 5000 Xerxem
907 4948 1018 5001 velutin
1032 4957 1139 5017 pontem
1151 4964 1183 4997 ert
1197 4944 1284 4998 littore
1296 4942 1556 5013 ingredianturcqui.

137 5174 158 5211 t.
181 5161 219 5211 Dc
240 5161 363 5213 Herodoti
384 5162 534 5213 nan-atione
552 5164 633 5214 varias
653 5162 770 5217 uirorum
786 5162 926 5217 doctorum
948 5161 1089 5215 sententias
1108 5160 1252 5227 congessit,
1277 5156 1310 5211 dc
1328 5176 1410 5227 cacque
1434 5158 1494 5209 satis
1516 5168 1584 5209 recte
1603 5154 1680 5209 sentit

106 5234 210 5289 Bchrius
223 5238 253 5289 ad
263 5239 361 5292 Herod.
379 5250 445 5293 torn.
461 5239 490 5303 3,
506 5256 531 5309 p.
548 5240 609 5307 495.
