3884 5925
160 392 217 466 sue
822 389 961 463 murus
982 400 1095 463 uultis

119 550 145 607 g
196 537 240 590 58.
271 535 336 589 l’ost
354 534 517 589 Pannoniam
545 532 690 587 Galliarum
708 532 855 603 prorinoia,
874 548 934 603 que
1012 537 1055 587 60.
1069 530 1172 585 Deinde
1184 541 1291 603 gyrante
1305 532 1404 589 circulo
1420 533 1568 605 apartibus
1584 538 1665 590 austri
1678 538 1754 592 iuve-

158 625 272 677 marima
284 632 323 674 est
331 632 357 674 et
365 630 472 692 propter
480 622 678 691 imperatorem,
687 636 742 689 qno
752 636 855 691 semper
865 627 932 687 eget,
976 618 1033 669 uies
1043 616 1209 670 Mauritaniae
1220 628 1333 683 terram,
1346 620 1374 671 in
1387 636 1439 689 qua
1453 634 1515 687 gens
1525 618 1651 673 inhabitat
1665 620 1755 674 homi·

157 707 364 763 iumultitudiue
376 706 498 760 omnibus
517 706 594 760 bonis
613 706 745 770 abundat,
761 705 808 759 sed
825 704 932 777 plurimi
975 718 1041 755 uum
1052 700 1225 757 barbarorum
1247 704 1328 757 vitam
1347 715 1373 757 et
1393 722 1479 759 mores
1500 703 1570 757 ieros
1586 704 1753 762 habentium.

157 798 248 868 pretii,
262 786 337 865 eujus
352 794 464 846 maxima
477 794 567 847 civitas
584 793 700 847 Triberis
713 791 820 859 dicitnr,
839 794 933 863 inqua
978 788 1041 841 linc
1051 788 1188 858 provincia
1200 790 1228 840 iu
1239 790 1354 843 restibus
1365 791 1513 859 negotiatur
1524 792 1587 845 etin
1601 793 1754 863 mancipiis;

156 882 281 933 dominus
305 880 387 949 gentis
410 877 551 942 inhabitat,
576 888 615 930 ast
636 878 708 931 enim
732 876 931 931 mediterranea.
975 872 1108 927 frumento
1117 874 1201 927 multo
1213 874 1340 931 abundat.
1360 874 1446 929 Habet
1464 887 1490 929 et
1504 877 1636 931 civitatem
1654 871 1755 933 bonaur

157 965 243 1017 Habet
257 964 363 1020 alteram
380 961 537 1032 juxtamare
553 962 636 1033 priori
655 962 765 1015 similem
779 962 931 1025 ciuitatem,
976 978 1035 1030 quae
1062 961 1160 1014 dieitur
1184 960 1309 1015 Cesarea.
1344 964 1407 1017 Post
1425 964 1610 1018 Mauritaniam
1634 967 1756 1034 sequntur

156 1066 235 1119 quam
259 1049 363 1103 Arelate
382 1057 490 1113 vooaut,
509 1066 569 1118 qua
586 1049 714 1119 accipiens
737 1047 826 1101 omnia
838 1047 932 1101 mundi
974 1045 1099 1101 Numidia
1109 1046 1235 1101 fructibus
1247 1046 1383 1101 ahuudaus
1394 1060 1420 1102 et
1429 1048 1479 1101 sibi
1493 1048 1632 1103 sufficiens.
1643 1052 1757 1121 Negotia

156 1137 259 1204 negotia
279 1152 357 1206 supra
380 1132 457 1187 dictae
476 1134 576 1187 civitati
597 1134 703 1188 emittit.
730 1134 825 1186 Omnis
843 1142 932 1186 antem
974 1142 1063 1186 autem
1086 1132 1142 1185 haea
1167 1132 1245 1185 habet
1269 1133 1399 1187 varimum
1422 1136 1531 1187 seatium
1547 1144 1574 1189 et
1599 1132 1755 1191 animalium

155 1221 228 1289 regio
242 1221 311 1272 viros
323 1218 402 1272 habet
415 1218 494 1272 iortes
507 1220 534 1271 iu
547 1218 641 1289 proelio
653 1228 681 1270 et
695 1216 796 1271 nobiles
813 1219 841 1271 in
858 1218 931 1270 omui
974 1217 1144 1287 optimorum.

155 1304 270 1372 negotio.
283 1304 331 1357 His
341 1302 441 1373 adjaoet
453 1320 515 1372 gens
527 1304 608 1355 multa
621 1301 778 1355 Gothorum.
1011 1306 1056 1356 61.
1076 1301 1118 1355 Ab
1131 1301 1181 1355 hac
1197 1303 1332 1372 provincia
1346 1301 1441 1357 Atrine
1454 1302 1527 1373 regio
1540 1302 1613 1356 diues
1626 1306 1654 1357 in
1665 1304 1754 1359 omui-

192 1388 235 1457 ⁵9·
264 1391 326 1442 Post
351 1387 448 1441 Gallias
469 1388 602 1458 Hispania.
620 1397 690 1440 terra
714 1388 784 1450 lata,
809 1386 882 1451 (livea
905 1397 932 1440 et
975 1387 1025 1443 bus
1044 1388 1193 1453 invenitur,
1208 1388 1331 1441 omnibus
1346 1390 1416 1441 enim
1435 1388 1511 1442 bonis
1525 1400 1617 1443 oruata
1627 1398 1681 1455 est,
1696 1388 1755 1443 iru-

155 1474 284 1536 marima,
303 1473 365 1525 viris
377 1472 462 1525 doctis
477 1483 504 1525 et
518 1472 642 1525 omuibus
661 1472 854 1534 bouiaornata,
873 1490 932 1543 φη
974 1472 1060 1525 atibus
1080 1488 1187 1542 quoque
1200 1480 1226 1523 et
1247 1472 1388 1541 jumentis,
1412 1482 1438 1525 et
1460 1489 1534 1543 paeue
1553 1473 1609 1545 ipsa
1629 1473 1755 1527 omuibus

154 1558 278 1612 omnibus
288 1558 399 1626 negotiis
407 1558 500 1628 pollet,
512 1558 602 1610 oleum
613 1574 675 1610 uero
687 1558 799 1611 multum
812 1568 839 1610 et
848 1558 932 1628 iiqua·
974 1558 1095 1627 gentibus
1106 1574 1183 1610 usum
1197 1556 1247 1610 olei
1268 1570 1389 1629 praetere
1408 1570 1504 1629 potest.
1526 1562 1594 1627 Quae
1618 1560 1713 1613 multas
1726 1570 1755 1613 et
1867 1556 1871 1564 '

155 1643 322 1703 manumittit
331 1682 341 1711 ,
358 1653 453 1695 restem
474 1644 689 1713 quoqnevariam
704 1654 731 1697 et
740 1642 860 1713 jumenta
879 1644 929 1696 lar·
973 1642 1126 1695 dillereutes
1136 1641 1271 1713 possidens
1282 1643 1397 1697 civitates
1411 1661 1490 1697 uuam
1502 1644 1581 1697 habet
1594 1645 1754 1715 praeeipuam

156 1730 272 1799 dumque
281 1738 308 1781 et
317 1738 450 1799 spartum
463 1728 598 1782 abundans
603 1728 661 1781 'nou
669 1729 753 1783 solum
762 1731 851 1783 omnia
862 1730 931 1783 bona
974 1736 1000 1781 et
1011 1725 1194 1780 admirabilem
1209 1726 1302 1793 valde,
1315 1745 1374 1798 qum
1387 1738 1496 1781 voeatur
1511 1728 1650 1797 Carthago,
1671 1746 1755 1799 quana

156 1815 237 1869 sedet
247 1815 377 1885 praecipua
385 1814 471 1868 babet.
481 1814 546 1867 Inde
555 1830 731 1867 wunsam
742 1814 849 1879 dicitur,
857 1815 932 1885 cujus
974 1810 1093 1865 condidit
1112 1811 1207 1863 mulier
1226 1812 1305 1881 Tyria
1325 1813 1433 1865 uomina
1448 1812 1534 1879 Dido;
1558 1829 1689 1882 quaecum
1708 1814 1755 1867 Li·

155 1902 242 1969 parte
262 1897 347 1949 nullus
366 1896 505 1950 homiuum
533 1899 620 1967 potuit
640 1916 777 1962 enarrem
800 1909 840 1951 est
860 1899 931 1951 enim
975 1898 1053 1969 hyena
1067 1900 1153 1961 venit,
1168 1898 1467 1969 lotmmemitquautum
1480 1899 1583 1953 corium
1592 1896 1754 1952 buhnliuum

156 1983 237 2034 eremi
252 1980 365 2034 solitudo
378 1991 412 2049 et,
428 1984 495 2035 siout
506 1979 589 2051 ajunt,
599 1981 637 2034 ibi
650 1982 689 2035 est¹
700 1982 760 2035 finis
771 1982 875 2039 munda
976 1985 1164 2038 circumtenere
1181 1987 1268 2057 potnit
1286 2002 1293 2037 ε
1312 2003 1386 2055 quae,
1400 1997 1431 2039 ut
1441 1986 1568 2055 Virgilius
1585 1987 1638 2051 ait,
1653 2004 1753 2057 coguo-

117 2144 142 2203 Β
155 2141 295 2203 maaimus,
311 2140 436 2192 Sirmium
449 2156 554 2209 quoque
567 2150 593 2192 et
605 2132 747 2204 Noricum
760 2140 872 2194 undeet
888 2158 930 2194 re·
974 2141 1072 2195 ruriam
1092 2153 1119 2197 et
1129 2142 1234 2197 lardum
1256 2154 1282 2197 et
1293 2142 1412 2215 jumenta
1424 2146 1545 2209 mittans,
1562 2146 1636 2198 omui
1650 2144 1754 2199 mundo

156 2225 204 2276 atis
221 2225 317 2277 Norica
330 2226 400 2277 exire
413 2224 519 2279 dieitur.
541 2226 603 2277 naec
615 2228 750 2280 Pannonia
763 2228 849 2296 regio.
864 2229 931 2293 Qua
973 2226 1120 2291 sufficiens,
1140 2229 1229 2281 omniu
1241 2228 1310 2281 bona
1323 2228 1459 2299 possidens
1472 2240 1499 2282 et
1511 2230 1643 2301 praecipua
1653 2230 1680 2282 iu
1693 2248 1754 2283 om·

156 2309 256 2379 adjacet
276 2321 347 2364 trans
370 2310 469 2362 flumen
491 2314 642 2365 Danuvium
667 2330 730 2382 gens
756 2312 929 2366 barbarorum
973 2311 1052 2365 uibus
1072 2310 1165 2378 bonis,
1179 2313 1388 2385 insuperantum
1401 2325 1427 2368 et
1445 2318 1526 2386 sparti
1540 2316 1665 2368 virtutem
1677 2315 1753 2369 omni

155 2396 301 2449 Sarmatam
311 2407 360 2449 est.
972 2404 1048 2450 terre
1060 2408 1194 2467 praestans,
1207 2400 1284 2469 [qua]
1297 2398 1401 2452 videtur
1410 2399 1516 2470 quidem
1525 2400 1667 2454 necessaria
1680 2398 1753 2471 apud

192 2484 239 2537 58.
265 2485 327 2536 Post
349 2483 511 2537 Pannoniam
532 2483 676 2537 Galliarum
697 2486 848 2556 provincia3
871 2501 930 2556 quae
971 2480 1078 2546 multos,
1086 2482 1210 2552 qnoniam
1218 2499 1296 2535 omne
1302 2484 1406 2536 navium
1414 2502 1494 2553 genus
1500 2484 1580 2537 salvat
1586 2486 1752 2555 etperipsam

155 2584 216 2619 eum
230 2568 344 2620 maxima
358 2568 392 2620 sit
404 2578 431 2620 et
443 2568 628 2639 imperatorem
642 2586 747 2641 semper
760 2579 847 2639 egeat,
859 2568 931 2622 huno
971 2565 1164 2636 quamplurima
1180 2585 1259 2621 omne
1278 2570 1411 2637 negotium
1431 2568 1550 2633 videtur,
1566 2568 1637 2640 apud
1655 2568 1752 2624 multoe

155 2670 189 2705 ex
200 2652 328 2707 sehabet.
349 2654 401 2707 Sed
413 2665 520 2725 propter
532 2654 638 2725 majoris
651 2658 829 2725 praesentiam,
842 2656 931 2708 omnia
973 2662 1059 2705 autem
1069 2650 1162 2704 debilis
1171 2670 1226 2705 ease
1239 2651 1351 2707 ridetur.
1364 2654 1429 2706 lude
1440 2670 1566 2706 ooeaunm
1578 2670 1633 2706 esse
1642 2652 1749 2719 dieitur,

156 2740 185 2791 in
195 2737 365 2800 multitudiue
374 2737 504 2803 abundat,
518 2738 564 2791 sed
577 2740 685 2812 plurimi
696 2741 783 2811 pretii.
793 2740 930 2794 Civitatem
971 2748 999 2791 et
1006 2736 1085 2808 hujus
1093 2748 1193 2809 partem
1205 2741 1286 2809 (quae)
1298 2756 1375 2792 nemo
1386 2740 1525 2793 hominum
1539 2756 1645 2793 narrare
1653 2750 1749 2809 potest.

155 2834 243 2877 autem
255 2826 396 2877 maximam
407 2823 499 2878 dicunt
510 2825 606 2878 habere
615 2842 675 2896 quae
686 2838 793 2879 voeatur
804 2827 929 2889 Triveris,
973 2822 1023 2877 Sed
1033 2822 1097 2893 quid
1107 2824 1145 2875 ibi
1158 2842 1213 2877 esse
1224 2824 1326 2894 potent?
1336 2826 1381 2878 Est
1395 2826 1464 2877 euim
1476 2824 1624 2891 desertum,
1636 2834 1673 2889 et,
1683 2824 1751 2877 simut

154 2908 201 2961 ubi
214 2918 243 2961 et
257 2909 375 2962 habitare
385 2908 510 2962 dominns
521 2909 628 2976 dieitur,
643 2920 670 2964 et
683 2921 722 2964 est
730 2910 928 2965 mediterranea.
973 2908 1060 2980 ajunt,
1077 2920 1117 2962 est
1126 2909 1162 2961 ihi
1172 2910 1233 2964 linis
1246 2910 1348 2964 mundi.

155 2996 278 3049 Similiter
288 3007 376 3048 antem
385 2996 464 3050 babet
476 2996 582 3050 alteram
593 2999 723 3051 civitatem
737 2999 764 3049 iu
775 2996 898 3050 omuibus
906 2998 930 3050 ei
1009 3000 1054 3050 60.
1078 2995 1179 3048 Deinde
1201 3002 1335 3065 gyrantem
1358 2995 1392 3048 ad
1412 2997 1493 3049 austri
1513 3006 1610 3049 terram
1632 2997 1749 3049 iuvenies

155 3078 323 3148 adjurantem
338 3097 397 3149 qua
410 3090 539 3151 estsuper
551 3099 637 3146 mare,
652 3099 731 3151 quam
744 3081 836 3134 dieamt
845 3080 930 3134 Arela-
974 3089 1069 3134 terram
1083 3081 1277 3134 Mauritaniam.
1297 3079 1422 3132 Homines
1441 3079 1613 3133 barbarorum
1628 3081 1751 3147 vitamjet

155 3173 229 3227 tum,
243 3180 301 3233 qnae
311 3163 345 3216 ab
353 3165 426 3217 omui
439 3163 541 3217 mundo
549 3167 652 3234 negotia
662 3166 791 3236 aooipieus
801 3164 932 3235 predictae
973 3183 1059 3219 mores
1072 3165 1227 3236 [laudentes],
1238 3175 1324 3219 tamen
1338 3166 1463 3219 Romanis
1480 3163 1588 3239 subditi.
1602 3169 1669 3235 Quae
1683 3183 1748 3238 pro·

154 3247 253 3300 civitati
264 3248 370 3302 emittit.
382 3249 476 3302 Omnis
492 3260 581 3303 autem
592 3250 665 3319 regio
677 3251 749 3302 viros
760 3249 839 3301 habet
848 3249 930 3302 fortes
973 3251 1058 3306 rihcia
1071 3262 1169 3306 restem
1186 3262 1213 3305 et
1227 3252 1355 3321 mancipia
1372 3253 1529 3321 negotiatur,
1549 3262 1575 3305 et
1588 3250 1750 3305 irumeutum

155 3341 183 3384 et
203 3332 317 3399 nobilem
335 3334 364 3385 iu
378 3332 555 3410 bello'itaque
574 3334 718 3403 plurimum
735 3334 882 3385 exercitum
903 3342 930 3385 et
973 3337 1103 3401 abundat,
1117 3347 1143 3391 et
1155 3336 1234 3392 habet
1252 3339 1383 3391 ciuitatem
1402 3339 1557 3393 cesaream.
1574 3336 1678 3391 Deinde
1690 3345 1751 3408 post

155 3418 251 3472 sortem
261 3419 399 3473 Gallorum
412 3437 467 3473 esse
478 3417 584 3484 dieuut;
598 3430 675 3473 etest
686 3421 714 3473 iu
725 3419 848 3473 omnibus
864 3437 929 3490 pro·
971 3425 1156 3476 Mauritaniam
1169 3422 1294 3476 Numidia
1311 3423 1446 3495 manucla
1463 3418 1594 3477 fructibus
1612 3422 1748 3476 abundans

154 3507 240 3558 vincia
252 3503 420 3562 admirabilis.
435 3507 470 3558 Et
488 3505 565 3559 hahet
577 3504 737 3576 adjaoeutem
756 3517 860 3576 gentem
871 3506 931 3559 bar·
972 3519 999 3562 et
1012 3508 1060 3560 sihi
1074 3507 1221 3572 sufficiens,
1237 3519 1264 3561 et
1275 3507 1378 3578 negotia
1396 3507 1476 3563 habet
1490 3493 1587 3562 vestem
1606 3509 1704 3560 variam
1722 3517 1750 3560 et

155 3589 245 3644 baram
258 3590 420 3644 Gothorum.
972 3592 1093 3647 animalia
1104 3593 1212 3664 optima.

194 3677 238 3744 59.
251 3673 353 3728 Deinde
362 3673 396 3726 ad
408 3674 505 3729 Gallias
517 3676 621 3746 Spania,
633 3685 703 3728 tetra
715 3676 767 3728 lata
779 3686 805 3727 et
817 3675 930 3727 maxima
1008 3682 1052 3732 61.
1068 3676 1107 3730 Ab
1115 3676 1165 3730 hac
1175 3677 1309 3747 provincia
1319 3677 1414 3731 Alriete
1423 3675 1574 3747 regiodives
1587 3679 1614 3730 in
1622 3675 1747 3730 omuibus

153 3769 182 3812 et
197 3759 271 3812 dives
283 3760 346 3811 viris
365 3757 464 3822 doctis,
477 3760 507 3812 in
517 3761 642 3813 omnibns
652 3761 801 3830 negotiis*,
813 3777 928 3831 quorum
971 3762 1470 3827 invenitur;omuibusbouiaornataeat,
1479 3761 1751 3832 huetibnaquoqueet

154 3863 187 3899 er
197 3856 272 3916 parte
279 3845 408 3900 dieamus.
420 3846 515 3899 Oleum
528 3848 599 3899 euim
611 3856 638 3900 et
651 3847 783 3917 liquamen
793 3858 820 3898 et
832 3857 928 3899 restem
969 3849 1104 3918 jumentis,
1115 3857 1142 3901 et
1149 3865 1222 3919 pane
1227 3849 1282 3919 ipsa
1287 3847 1409 3901 omuibus
1414 3847 1532 3917 gentihus
1542 3863 1620 3900 usum
1626 3846 1675 3899 olei
1681 3863 1749 3918 prae·

154 4030 217 4099 §58
231 4033 264 4083 A.
283 4029 409 4101 Tritonis]
434 4029 552 4099 Tyberim
569 4031 631 4083 Ωιτ.
649 4031 661 4098 ll
682 4059 718 4072 -
735 4032 767 4082 Iu
789 4029 809 4080 li
831 4046 838 4081 ε
863 4029 925 4082 Gala
970 4028 1007 4080 cit
1023 4026 1211 4082 Gothoiredus.
1227 4029 1240 4097 ΙΙ
1255 4058 1289 4069 -
1302 4027 1424 4096 etfhrtia
1437 4027 1571 4081 Gallorum
1587 4045 1641 4080 esse
1658 4026 1751 4079 dieun-

154 4107 218 4160 liam
236 4107 443 4178 prouinciam...
467 4118 522 4175 eget
546 4107 639 4162 codex.
660 4109 722 4176 ΙΙ-
743 4107 928 4177 inlaqueant
973 4104 1089 4159 turood.
1108 4105 1118 4174 ΙΙ
1132 4103 1336 4175 -udjaaentem
1397 4102 1550 4171 Gothorum]
1563 4126 1576 4153 ι
1589 4104 1750 4173 Ῑωρεήῑίαω

153 4183 292 4254 legendum
309 4187 411 4239 oensuit
426 4184 621 4248 Gothohedus,
635 4187 681 4255 qui
696 4186 830 4238 annotavit
848 4185 925 4237 haee:
971 4198 1045 4234 suam
1059 4182 1103 4234 hic
1112 4181 1202 4253 prodit
1210 4193 1303 4236 auctor
1314 4184 1360 4252 qui
1373 4183 1476 4236 Gothos
1491 4181 1581 4235 Galliae
1599 4183 1698 4234 ricinos
1711 4181 1750 4235 ia-

157 4262 287 4334 -Nempe
307 4263 359 4318 hoo
378 4263 434 4316 uult
450 4264 536 4334 ipenm
558 4262 631 4332 quod
652 4265 782 4334 Vopiscus
797 4263 824 4314 in
839 4263 928 4316 Snmr·
972 4263 1017 4316 cit.
1033 4285 1045 4308 ι
1058 4261 1147 4316 Gora.

153 4342 220 4394 uiuo
241 4356 249 4393 ε
272 4340 383 4394 auidam
403 4358 457 4394 esse
474 4352 574 4408 gentem
599 4341 733 4397 Gallorum
749 4341 793 4394 oei
809 4341 929 4407 fwiendi
1007 4337 1253 4409 §598:diaemus]
1265 4333 1449 4392 dicimurood.
1463 4336 1567 4390 Deinde
1588 4336 1749 4408 :quamplu-

148 4417 284 4490 prt'neipis
307 4418 350 4471 uel
369 4418 482 4492 tmperii.
510 4418 591 4488 Cujus
613 4419 664 4472 loci
687 4435 779 4472 seusus
808 4418 853 4471 bio
874 4428 927 4482 est,
972 4416 1155 4470 rimoeomuem
1168 4416 1296 4484 negotium
1307 4415 1367 4469 ond.
1383 4417 1394 4485 ΙΙ
1407 4419 1558 4483 -ςδοΑ,
1572 4414 1660 4468 etalii
1672 4413 1749 4485 suffi-

153 4496 242 4550 Gullos
254 4495 345 4549 avidos
358 4514 413 4549 esse
423 4495 464 4549 vel
479 4494 592 4550 faciendi
609 4497 714 4550 alterius
727 4496 789 4549 novi
803 4497 928 4566 principis
971 4493 1041 4547 alem
1049 4492 1365 4562 om.Cav.ll-uarlarum
1372 4493 1497 4565 uestium]
1508 4492 1747 4548 aestiuuart'aeCar.

153 4571 195 4625 vel
215 4573 319 4642 imperii
340 4571 444 4626 sibimet
460 4571 620 4628 vindieandi.
644 4575 800 4626 Ammianus
822 4588 928 4642 quoque
976 4572 1374 4643 11-§61A.abiae]ablmno
1383 4573 1457 4637 Car,
1467 4571 1578 4626 attane
1582 4570 1749 4642 prouinciam

153 4650 200 4705 lib.
215 4651 249 4705 3ο
261 4650 426 4714 Cuiortibus,
440 4651 542 4720 inquit,
556 4650 719 4723 Gallicanis,
732 4668 790 4721 qua
802 4667 928 4702 noasem·
971 4652 1004 4706 B.
1020 4651 1031 4720 11
1044 4649 1215 4723 -apeetant]
1240 4660 1391 4720 exspectant
1406 4650 1486 4703 oodd.
1508 4651 1535 4702 iu
1550 4653 1574 4703 A
1590 4660 1617 4703 et
1636 4650 1668 4702 B.
1684 4649 1697 4718 l
1711 4679 1749 4691 -
1836 4681 1841 4689 ·

149 4728 300 4802 perdiaata
305 4721 541 4802 prineipumfidei,
551 4730 621 4783 uelut
628 4729 793 4802 imperiumne
798 4727 927 4783 arbitria.
973 4731 1004 4782 lu
1015 4731 1036 4782 B
1050 4746 1057 4782 t
1073 4729 1155 4782 locum
1161 4745 1213 4800 pro
1225 4727 1284 4780 lucu
1295 4727 1432 4800 possidens
1439 4729 1501 4798 eta]
1513 4727 1643 4798 Ambigua
1651 4727 1748 4782 horum

94 4808 97 4812 ’
153 4807 282 4872 Avidam,
296 4811 418 4878 iuquam
433 4825 514 4878 quare
534 4820 561 4862 et
579 4809 624 4862 hie
639 4810 675 4862 ita
689 4804 847 4875 legendum:
861 4805 929 4858 Auno
974 4807 1161 4876 interpretatio.
1177 4807 1255 4874 «Ego
1268 4806 1348 4875 legam
1355 4804 1552 4872 formositatem
1566 4805 1617 4860 loci
1627 4824 1677 4876 pro
1690 4805 1748 4858 luen

153 4903 187 4938 eu
198 4903 226 4938 se
238 4886 327 4940 iavet.
345 4887 467 4938 Ceterum
478 4887 530 4939 hoe
542 4887 656 4940 auctoris
662 4883 792 4955 judicium
804 4882 838 4934 de
845 4882 929 4936 Gallia
971 4884 1106 4956 possidens
1122 4883 1198 4936 halet
1209 4883 1325 4948 olivum,
1341 4883 1433 4944 κάλλος
1443 4881 1470 4936 δὲ
1479 4884 1554 4936 τόπου
1566 4881 1692 4944 &Ambiunt
1707 4901 1747 4935 nr·

153 4962 430 5032 comprobaritstatim
441 4963 529 5034 paullo
540 4973 730 5035 posteremus,
742 4978 825 5033 quum
839 4961 930 5014 videli·
973 4963 1090 5033 κτημΙνη,
1112 4961 1167 5032 ἔχει
1177 4961 1272 5016 ἔλαιον.
1289 4963 1420 5032 interpres
1433 4961 1537 5032 ineptus
1556 4959 1655 5028 ἂλαῦδη
1669 4969 1748 5013 aaut

153 5050 194 5093 eet
206 5041 387 5108 Magnentius,
401 5042 542 5096 Constante
561 5057 642 5106 onan,
654 5058 698 5094 au.
719 5040 771 5094 350
788 5041 928 5112 imperium
970 5040 1192 5114 prolempsin
1211 5040 1271 5094 luoo
1289 5039 1462 5104 destinatum,
1480 5057 1541 5093 cum
1556 5041 1590 5092 sit
1605 5039 1678 5110 quod
1688 5055 1746 5110 spe·

154 5119 182 5171 in
195 5117 278 5173 Gallia
290 5118 339 5172 sibi
354 5118 503 5174 smdiearit.
518 5143 531 5167 ι
546 5120 604 5189 fl-
617 5117 736 5188 maioris]
748 5118 829 5172 maris
841 5116 930 5194 eonje·
973 5121 1040 5174 ciem
1048 5117 1325 5190 lucipraelertDehoo
1331 5118 1435 5172 iuterim
1443 5117 1503 5172 luoo
1509 5117 1747 5189 virgiliusquoque
