3884 5925
467 405 474 430 i

594 477 771 538 ANAPLUS
792 477 951 538 Bosrout
973 479 1143 538 TlillACll.
1622 491 1660 542 ²9

77 611 121 662 reri
133 609 257 673 rideatur,
270 607 388 678 adeoque
402 607 564 678 profundus,
580 619 609 660 ιιι
623 608 747 678 pontibus
761 609 839 660 etiam
884 619 931 672 est,
949 625 1028 678 quem
1051 613 1154 679 Pyrron
1168 609 1246 680 vulgo
1262 609 1401 680 appellant.
1422 608 1538 660 Etiamsi
1553 609 1662 680 jampri-

77 709 121 748 tota
132 705 215 748 astate
230 697 386 748 transealur.
403 694 499 747 Eadem
514 705 556 760 ¹est
567 693 623 763 ejus
634 692 743 746 latitudo
757 695 841 764 spatio
884 695 943 748 dem
956 697 992 748 ibi
1005 696 1073 758 nulla
1087 699 1181 761 turris,
1198 697 1297 749 nullum
1309 697 1432 766 palatium
1444 697 1490 760 sit,
1501 707 1587 748 tamen
1599 697 1661 748 olim

77 786 146 836 ienae
158 783 249 834 decem
266 782 458 850 miliariorum,
473 783 499 833 in
511 799 564 851 quo
576 781 683 850 quidem
701 783 785 852 spatio
796 799 840 834 eu·
885 778 961 832 fuisse
973 783 1049 850 Pyrgi
1063 782 1154 834 incolae
1167 781 1273 844 dicunt,
1293 799 1406 850 saraque
1418 781 1511 834 effossa
1525 799 1556 834 cx
1570 781 1663 835 funda·

75 873 116 938 cpi
127 869 199 920 abeo
215 868 327 920 derivati
338 870 411 920 omni
423 870 484 920 anni
496 879 611 938 tempore
625 869 769 938 praecipites
785 885 841 920 rer·
885 867 978 917 mentis
988 884 1124 918 murorum
1143 867 1275 919 sevidisse
1290 877 1417 918 testantur
1436 867 1546 918 incisum
1565 884 1662 920 nomen

76 965 122 1004 sant
134 953 213 1006 molas
227 954 426 1004 moletriuonun
439 953 578 1004 sexdecim.
594 954 662 1004 Fluit
673 969 719 1022 per
729 954 840 1006 mediam
885 951 1029 1004 Andronici
1042 951 1170 1005 habentia.
1189 957 1246 1006 lam
1259 953 1380 1022 Hyclralis
1389 953 1475 1004 influit
1487 954 1513 1005 iu
1523 953 1662 1024 Barbyscm

77 1041 152 1090 uilem
166 1039 269 1109 planam
281 1050 308 1091 et
321 1050 482 1110 pratenscrn,
502 1051 530 1090 ut
545 1058 559 1090 a
572 1039 688 1092 fontibus
710 1038 840 1110 usquead
886 1037 1028 1090 fornicibus
1048 1039 1175 1110 diruptis,
1199 1039 1294 1110 quibus
1316 1041 1566 1110 Constantinopolim
1584 1043 1663 1094 duce-
1681 1037 1698 1104 “,

76 1129 157 1177 otium
170 1129 203 1178 sit
212 1139 369 1196 perpetuum
381 1137 494 1197 pratum,
504 1125 578 1194 cujus
591 1127 730 1178 maximam
742 1137 841 1196 partem
886 1124 970 1175 batur.
987 1124 1103 1194 Cydarus
1124 1125 1236 1187 fluvius,
1251 1143 1330 1195 quern
1345 1127 1421 1193 vulgo
1441 1127 1602 1178 illacbleuam
1615 1146 1661 1198 ap·
1697 1117 1704 1132 ⁹

76 1235 112 1268 ιιι
125 1215 244 1284 possidet.
261 1216 329 1281 Quae
340 1225 437 1284 quanta
447 1215 489 1278 sit,
501 1213 646 1282 conjectare
658 1215 736 1265 etiarn
750 1212 842 1264 absens
886 1207 997 1276 pellant,
1015 1207 1134 1259 similiter
1153 1218 1181 1259 ut
1202 1208 1328 1278 Barbyses
1346 1209 1491 1260 fornicibus
1512 1212 1664 1262 transversis

77 1313 138 1369 potes
148 1319 177 1351 ex
184 1299 384 1369 quadringentis
395 1299 512 1367 agricolis
522 1299 684 1360 Christianis,
695 1315 769 1368 quos,
781 1316 841 1350 cum
886 1305 997 1356 sefflfflfi
1013 1293 1153 1363 Hi'dffllffll
1165 1305 1191 1345 ⁰1
1201 1295 1320 1364 Bathys&
1329 1307 1429 1365 partem
1440 1297 1661 1366 C⁰t¹⁵l³¹¹lin⁰p0·

76 1387 265 1456 illucpmfectus
285 1404 384 1449 essem,
403 1385 502 1437 offendi
526 1403 579 1438 uno
593 1385 686 1437 ordine
704 1385 843 1455 dispositos
886 1381 1662 1452 limducentibus.LongiorquidernestquainBarbyses,sed

76 1473 169 1523 herbam
179 1483 305 1534 secantes,
317 1471 412 1540 quibus
424 1481 550 1540 praeerant
558 1471 634 1522 Turci
647 1473 763 1540 quinque
774 1471 843 1539 eqni·
887 1471 983 1533 minor,
998 1469 1167 1538 similiterque
1182 1469 1263 1520 ferme
1282 1481 1310 1522 ιιι
1322 1469 1448 1538 Barbyses
1466 1487 1513 1539 per
1531 1469 1663 1522 anfractus

77 1569 120 1618 tes,
134 1568 191 1622 octo
205 1555 307 1628 pedites
330 1573 396 1626 opus
418 1566 554 1622 urgentem
576 1555 685 1607 totidem
704 1556 842 1625 quadrigas
886 1556 1057 1626 fertur,aquo
1068 1557 1136 1608 velut
1147 1555 1576 1626 irreparailelocurroipsecurrus
1585 1555 1663 1607 distat

78 1643 136 1693 luno
145 1650 249 1693 onustas
258 1643 362 1704 iuveni,
375 1640 488 1708 singulas
501 1658 554 1692 ιιιιο
565 1657 628 1710 pare
644 1641 726 1692 boum
737 1650 840 1703 tractas,
887 1644 957 1694 rnrio
981 1643 1088 1713 quidem
1104 1643 1256 1707 intervallo,
1277 1641 1322 1694 sed
1341 1652 1468 1712 perpetuo
1485 1641 1580 1693 collino
1596 1643 1664 1694 inter

78 1728 245 1795 quatuorrotis
254 1737 409 1778 sustentatas
419 1725 842 1797 posterioribusmajoribusexccl·
886 1728 998 1780 fornices
1028 1731 1164 1798 utriusque
1188 1739 1292 1800 patente
1314 1729 1341 1779 in
1366 1726 1529 1780 latitudinem
1560 1728 1664 1778 circiter

79 1813 226 1880 sioribmque
247 1811 281 1864 ad
304 1811 470 1884 excipiendas
490 1813 600 1882 priores.
625 1811 709 1864 Incidi
735 1814 796 1864 item
814 1815 840 1864 in
885 1825 1012 1884 quattuor
1023 1815 1210 1879 miliariorum,
1224 1816 1297 1866 rario
1307 1814 1384 1866 etiam
1394 1831 1472 1866 cursu
1486 1813 1661 1884 progreditur.

80 1899 226 1958 Geuisarios,
244 1899 291 1966 qui
303 1897 407 1950 circiter
422 1897 527 1948 trecenti
541 1897 627 1948 emissi
637 1897 796 1948 dicebantur
808 1897 840 1949 ad
885 1904 950 1954 Nam
963 1901 1140 1965 afornicibus,
1152 1901 1219 1954 ultra
1228 1919 1293 1972 quas
1302 1919 1355 1952 non
1365 1917 1514 1970 progressus
1525 1917 1594 1961 sum,
1610 1899 1663 1950 vidi

80 1982 217 2050 colligendas
239 1983 379 2033 fluminum
396 1992 422 2033 et
442 1981 543 2032 lacuum
563 1983 725 2051 nympha‘as,
748 1983 843 2052 quibus
886 1989 969 2058 ipsum
984 1989 1017 2040 ab
1028 2007 1122 2040 occasu
1138 1988 1171 2040 ad
1185 1999 1273 2040 ortum
1285 1987 1346 2038 solis
1355 1986 1476 2049 tendere,
1490 1985 1585 2038 deiude
1595 1986 1663 2038 flecti

80 2069 187 2136 Βίώιῦῢ
196 2077 222 2120 θῑ
231 2066 342 2136 Cyda&
351 2066 501 2128 ⁸¹³¹¹⁰tl³¹¹ls
515 2066 662 2138 quibusque
671 2069 746 2136 ¹253oe
759 2069 843 2137 polio·
885 2073 917 2126 ad
927 2074 1061 2126 meridiem
1070 2095 1079 2138 ;
1089 2086 1221 2144 postremo
1233 2074 1344 2144 amplius
1354 2073 1408 2125 duo
1419 2073 1528 2124 miliaria
1537 2091 1553 2124 ιι
1561 2083 1663 2144 septen·

80 2155 187 2208 nesfium
199 2157 254 2223 regi
275 2155 390 2216 usitatae,
409 2165 439 2206 ιιι
453 2155 604 2206 Christianis
626 2155 770 2207 rinolentie.
792 2153 842 2206 Sed
886 2159 1014 2211 trionibus
1023 2158 1055 2210 ad
1066 2159 1413 2230 meridiempmlicisccntern
1422 2159 1530 2210 influere
1538 2159 1566 2209 in
1575 2159 1663 2210 sinum

79 2241 144 2292 redeo
154 2239 185 2291 ad
197 2240 350 2309 liarbysem.
359 2241 470 2291 Primoa
481 2241 657 2308 septentrione
665 2239 698 2290 ad
709 2240 842 2292 meridiem
886 2247 971 2298 Ceras,
988 2247 1166 2313 Quamobrem
1179 2247 1351 2316 Dionysium,
1363 2261 1423 2296 cnm
1432 2245 1468 2296 ait
1479 2243 1610 2314 Cydarum
1621 2263 1664 2296 ve.

78 2329 162 2394 aliquot
172 2326 283 2377 miliaria
298 2325 432 2395 procedit,
448 2324 542 2376 deinde
556 2326 640 2376 varios
654 2324 736 2376 flexus
747 2325 841 2388 eflicit,
886 2332 987 2384 niteat)
999 2349 1091 2382 occasu
1103 2333 1207 2394 aestivo,
1218 2330 1358 2398 intelligere
1376 2341 1445 2380 non¹
1468 2340 1587 2398 oportet,
1602 2346 1663 2380 cum

78 2430 137 2462 nunc
153 2409 184 2462 ad
199 2421 289 2462 ortum
311 2411 530 2479 aequinoctialem,
546 2409 666 2462 nuncead
685 2409 841 2474 hibernum,
887 2415 1021 2467 intervallo
1029 2417 1133 2468 circiter
1146 2414 1229 2467 doum
1242 2414 1413 2466 miliariorum
1424 2413 1491 2464 ostio
1501 2414 1664 2483 propinquus

80 2501 212 2552 nuncinter
225 2509 314 2550 ortum
333 2508 359 2550 et
381 2497 534 2560 meridiem,
556 2496 714 2566 tandemque
731 2497 842 2566 spatiuan
885 2499 993 2552 accedit.

79 2599 178 2656 quatuor
191 2585 362 2638 miliariorum
376 2584 545 2655 progrediens
557 2584 589 2636 ab
601 2594 661 2636 ortu
677 2583 800 2636 solstitiali
811 2583 842 2636 ad

79 2691 187 2724 ,mmm
199 2671 354 2733 hibernum,
374 2671 427 2722 „a
445 2671 472 2722 j„
492 2671 579 2722 sinum
593 2670 752 2721 empnam,
774 2669 844 2720 uuus
887 2659 935 2708 lv.
954 2661 993 2710 Dc
1014 2656 1078 2707 tucis
1091 2655 1234 2727 appellaris
1250 2653 1373 2707 Mandris
1388 2665 1414 2704 er
1434 2653 1501 2721 nni
1513 2665 1538 2704 er
1555 2652 1587 2704 de
1609 2653 1666 2705 luco

79 2761 138 2812 uui,
157 2777 203 2830 pe,-
224 2758 355 2810 ,usnam
376 2757 505 2810 normate.
527 2757 644 2808 simfliter
665 2767 695 2807 m
715 2759 844 2826 Bosporus
922 2741 1057 2813 Apollinis
1070 2751 1185 2812 reponte
1203 2739 1362 2810 Philippici
1380 2737 1411 2790 de
1427 2738 1506 2790 cubis
1521 2738 1627 2808 Canopi.

79 2848 161 2916 pergit,
174 2863 251 2915 quem
272 2845 351 2898 habet
365 2843 528 2914 parallelum,
543 2845 578 2896 ita
592 2853 621 2894 ut
634 2845 654 2893 si
668 2844 845 2912 porrigeretur

80 2933 195 3003 usquead
214 2935 344 2995 Pontum,
363 2941 392 2983 ut
410 2931 516 3001 quidam
539 2930 620 3001 ipsius
635 2929 724 2982 vallem
746 2931 843 3001 porrigi

80 3020 175 3083 dicunt,
190 3018 300 3070 insulam
308 3018 443 3069 'efficerent
459 3016 583 3086 Barbpsea
596 3026 622 3067 et
636 3018 775 3085 Bosporus.
791 3018 843 3083 Qui

1212 2897 1250 2956 Fr
1286 2905 1333 2954 to.

81 3107 107 3157 ab
118 3107 181 3159 iliius
190 3108 258 3159 ustio
266 3104 466 3175 proficiscuntur
475 3102 507 3155 ad
517 3100 634 3171 ejusdem
647 3102 741 3165 fontes,
758 3102 845 3155 vident

82 3194 142 3245 illum
159 3212 174 3247 a
192 3195 248 3263 ripa
262 3192 353 3243 dextra
374 3190 441 3242 duos
457 3191 547 3243 Aurios
567 3190 699 3259 accipere,
722 3199 845 3259 utrosque

83 3282 200 3331 lenientes
214 3279 248 3331 ab
264 3288 325 3329 ortu
339 3277 414 3341 solis,
435 3286 489 3329 tota
500 3284 585 3327 astate
603 3292 743 3344 perennes,
762 3292 844 3327 ιιιιιιιιι

82 3365 103 3415 in
115 3364 195 3417 medio
206 3380 300 3425 cursu,
311 3362 420 3413 alterum
432 3359 508 3431 paulo
523 3359 589 3412 infru
599 3378 659 3411 suos
674 3358 767 3421 fontes,
784 3377 842 3429 pcr-

22 3502 28 3515 .
82 3448 200 3511 liuidum,
217 3448 296 3501 etiam
311 3456 392 3499 totam
410 3455 524 3497 aestatem
542 3444 622 3513 molas
643 3462 743 3495 versare
762 3445 846 3497 valeu-

82 3546 136 3598 tem,
156 3553 235 3605 quem
256 3535 395 3602 scriptores
416 3542 509 3583 vocant
527 3530 684 3599 ilydralem3
705 3548 774 3582 nuuc
791 3530 846 3599 ejus

81 3640 163 3673 nomen
183 3624 350 3688 ἰςιιιιιτιιιιιε,
369 3618 412 3671 alit
432 3616 559 3687 appellant
576 3617 730 3684 Belgrudum
752 3635 767 3668 a
789 3619 846 3669 rico

82 3726 149 3778 prope
160 3709 240 3778 ipsius
253 3708 323 3775 ripas
332 3706 399 3765 sito,
414 3704 456 3755 alii
467 3704 564 3755 flumen
579 3704 714 3754 nominant
730 3704 847 3755 Catmera-

83 3814 131 3847 ιιιιιι
149 3814 163 3847 a
183 3794 329 3847 fornicibus
346 3792 441 3861 quibus
462 3789 606 3843 ducebatur
630 3790 848 3859 Constantinopo-

83 3880 126 3933 lim.
147 3883 223 3933 ttunc
242 3881 314 3931 euim
329 3875 495 3931 Andronicus
512 3892 557 3925 rex
576 3874 682 3927 excelsis
704 3872 847 3925 fornicibus

84 3984 198 4035 opereque
214 3965 385 4017 subterraneo
402 3962 430 4011 iu
444 3960 536 4019 urbem
555 3958 698 4029 perducere
715 3976 848 4027 aggressus

85 4062 127 4115 cst,
136 4071 194 4104 curn
206 4062 235 4103 ιιι
248 4061 335 4101 cetera
347 4048 410 4100 urbs
421 4064 487 4115 aqua
499 4045 656 4106 abundaret,
668 4054 723 4095 turn
737 4046 849 4095 maxime

85 4140 120 4201 li,
140 4142 184 4209 qni
203 4138 351 4191 habitarent
374 4136 443 4186 cirea
464 4133 632 4192 Blachernas,
651 4131 696 4183 ubi
719 4130 848 4198 cogitabat

85 4244 192 4292 magnum
213 4224 380 4294 nympharum
400 4230 566 4281 construere,
597 4229 624 4270 ut
644 4218 681 4269 ibi
703 4216 847 4269 habitantes

87 4313 242 4381 copiosiorem
254 4328 348 4379 aquam
366 4308 492 4360 haberent
505 4322 511 4357 ε
525 4316 550 4357 ιιι
570 4313 655 4355 morte
673 4303 846 4371 interceptus,

88 4416 142 4467 opus
151 4396 250 4466 reliquit
264 4392 460 4464 imperfectum,
477 4390 548 4461 quod
566 4388 662 4459 posteri
676 4404 747 4455 reges
763 4387 847 4438 absol·

89 4500 139 4533 rere
156 4482 335 4551 neglexerunt,
355 4489 383 4530 ut
396 4495 462 4548 opus
479 4476 589 4527 nimium
603 4483 803 4542 sumptuosum,
819 4482 847 4522 ut

90 4572 155 4621 ctiam
168 4570 259 4621 isacius
277 4585 339 4631 rex,
358 4567 403 4635 qui
422 4562 602 4617 Andronicum
623 4570 648 4611 et
662 4576 742 4627 regno
753 4568 778 4609 et
796 4558 847 4609 rita

94 4656 201 4721 privarit,
222 4664 320 4705 turrem
340 4662 366 4703 et
391 4648 529 4719 palatium,
551 4664 608 4715 quae
632 4644 797 4696 Andronicus
814 4639 846 4691 ad

96 4758 203 4793 secessum
217 4740 339 4809 temptuis
361 4738 442 4789 aestivi
468 4752 550 4805 prope
571 4732 682 4783 fornices
709 4730 846 4781 fluminum

99 4824 260 4884 edificarent,
280 4823 421 4875 demolitus
450 4820 545 4881 fuerit,
570 4818 620 4869 lroc
642 4814 847 4886 pulcherrimum

102 4908 178 4961 fartim
195 4909 341 4961 Andronico
360 4905 489 4958 inridens.
508 4906 563 4955 Hac
578 4912 651 4954 aetate
665 4918 746 4970 prope
767 4898 848 4950 forui-

104 5012 145 5055 res,
163 5013 221 5065 quus
240 4996 291 5047 dixi
312 5006 473 5046 transversos
493 5007 578 5043 secare
599 4988 752 5057 Barhysem,
777 4986 848 5037 vicus

923 3056 988 3103 Post
1004 3051 1129 3111 Bncolon,
1151 3052 1237 3119 inquit
1255 3050 1414 3118 Dionysius,
1439 3059 1502 3099 sunt
1525 3048 1581 3099 loce
1598 3066 1664 3099 nnn·

887 3148 986 3207 cupere
1003 3134 1122 3189 Mnndnoe
1139 3146 1165 3186 et
1185 3139 1270 3204 Drys,·
1293 3134 1337 3185 ille
1352 3132 1455 3203 quidem
1477 3150 1495 3183 a
1511 3132 1565 3184 loco
1578 3133 1667 3202 quieto

888 3234 913 3273 et
922 3234 997 3282 tecle,
1012 3221 1080 3273 nturi
1089 3221 1156 3273 eninr
1174 3219 1315 3291 tranquillo
1325 3220 1438 3271 alluitur
1445 3240 1455 3279 ,·
1466 3222 1532 3287 Dos
1547 3238 1604 3269 rem
1619 3221 1664 3270 fru-

889 3309 929 3361 [ιιι
949 3309 1034 3359 lucinii
1050 3307 1171 3379 Apollini
1187 3324 1300 3359 sncrtun.
1322 3310 1387 3358 Pori
1401 3310 1605 3376 pmniontorinm
1621 3318 1660 3357 est

890 3393 979 3457 longus
989 3392 1064 3444 sinui
1077 3393 1164 3444 Arrlon
1180 3392 1337 3463 appellatus.

924 3476 954 3529 Id
977 3480 1187 3547 promontorium
1213 3497 1228 3529 a
1249 3478 1425 3548 septentrione
1450 3474 1580 3528 clauditur
1601 3476 1666 3528 valle

891 3562 1021 3632 liar-lusa,
1041 3580 1056 3613 a
1075 3562 1184 3614 meridie
1206 3562 1269 3613 ralie
1293 3562 1421 3614 efficiente
1441 3562 1527 3612 sinum
1546 3560 1663 3629 longum,

890 3666 967 3718 quern
992 3650 1132 3717 Dionpsins
1151 3648 1261 3718 appellat
1282 3648 1397 3710 Aulona,
1419 3645 1494 3715 cujus
1514 3662 1560 3697 ora
1579 3646 1666 3697 lunata

891 3744 961 3803 patet
978 3736 1004 3785 in
1022 3734 1210 3801 longitudinem
1228 3731 1297 3783 inille
1316 3742 1343 3782 et
1363 3732 1584 3801 septingentorum
1608 3750 1665 3799 pas-

890 3838 983 3884 suurn,
1002 3822 1029 3872 in
1044 3838 1095 3888 qua
1107 3818 1191 3871 media
1204 3830 1242 3869 cst
1255 3819 1322 3885 regis
1339 3819 1449 3868 viretum
1465 3817 1622 3867 insinuatum
1638 3818 1665 3867 in

891 3906 968 3959 imam
984 3906 1115 3977 planitiem
1133 3906 1233 3957 callisa
1253 3902 1472 3974 septentrionibus
1491 3901 1582 3952 clausae
1603 3918 1665 3970 pro·

892 3995 1023 4044 montorio
1032 3993 1099 4045 elato
1112 3995 1138 4044 in
1148 4008 1237 4063 passus
1251 3992 1356 4041 circiter
1365 3991 1537 4055 octingentos,
1552 4004 1665 4056 qnorum

892 4078 936 4127 imi
952 4080 1059 4130 trecenti
1074 4076 1147 4130 valde
1160 4075 1286 4136 declives,
1302 4074 1393 4143 reliqui
1410 4072 1530 4125 leniores.
1546 4072 1664 4141 Dionysii
1690 4104 1695 4112 ·

891 4174 964 4215 aetate
977 4174 1043 4233 puto
1057 4164 1135 4215 imam
1150 4162 1254 4224 vallem,
1273 4163 1365 4229 inqua
1377 4177 1448 4211 nunc
1465 4170 1503 4211 est
1518 4160 1585 4226 regis
1600 4160 1665 4211 rire·

891 4260 960 4312 tum,
976 4251 1053 4303 fuisse
1073 4250 1227 4321 paltutrem,
1243 4259 1268 4300 et
1283 4258 1383 4318 partem
1398 4248 1470 4297 sinus
1485 4245 1607 4307 Aulouis,
1620 4264 1665 4295 rn-

887 4336 930 4405 jus
946 4338 1076 4405 cregione
1092 4337 1119 4387 in
1135 4334 1255 4387 ulteriore
1269 4334 1354 4386 littore
1371 4332 1420 4385 fuit
1432 4330 1504 4383 locus
1518 4332 1666 4382 nominatus

890 4426 1031 4493 Semystra.

1216 4558 1265 4616 Fr.
1290 4566 1336 4615 ιι.

926 4726 990 4773 Post
1018 4720 1122 4773 Aulona
1147 4712 1288 4787 Diont‘siui
1316 4714 1384 4769 dici!
1405 4730 1458 4767 esse
1476 4726 1588 4786 pontem,
1602 4712 1665 4765 rti-

882 4808 959 4881 ‹lt'ppi
974 4808 1124 4861 Macedonis
1141 4824 1214 4879 opus,
1234 4821 1284 4874 quo
1302 4802 1376 4853 sinus
1393 4810 1475 4855 Cornu
1493 4800 1664 4868 trajiceretur.

892 4895 1032 4965 Philippus
1054 4894 1120 4944 ruint
1144 4891 1171 4942 in
1197 4888 1292 4943 rudunt
1307 4904 1375 4937 sm
1395 4886 1510 4955 dejecit„
1531 4903 1666 4954 corruitque

892 4978 1086 5035 multitudinem
1101 4994 1182 5048 supra
1195 4974 1290 5027 iudum
1306 4971 1482 5025 acerimularir
1500 4970 1591 5023 niriltis
1606 4988 1666 5040 opr-

107 5098 1274 5133 Μ

135 5205 152 5239 ι.
162 5190 224 5259 Νοιι]
238 5192 277 5241 An
293 5194 359 5239 nos?
374 5184 426 5235 Vel
441 5184 479 5233 sic
498 5192 583 5233 tamen
606 5182 690 5231 oratio
710 5176 846 5229 claudicat.

107 5268 160 5333 Quid
172 5266 247 5319 dimne
257 5266 364 5319 voluerit
376 5262 489 5327 cyttfus,
503 5271 572 5329 patet
583 5278 614 5311 er
624 5257 847 5311 antecedentilurs.

928 5176 974 5225 Fr.
985 5188 1028 5222 an.
1043 5168 1168 5236 Brtrolon]
1179 5168 1215 5215 sir
1228 5165 1318 5233 scripsi
1331 5179 1381 5232 pro
1390 5159 1518 5211 ductilem.
1529 5160 1564 5209 V.
1576 5173 1664 5227 supra.

895 5251 927 5305 fr.
942 5253 1037 5318 ¹9·ll-
1049 5247 1135 5299 Auden
1147 5250 1153 5315 Ι
1165 5255 1218 5295 crat
1235 5242 1339 5300 cirili-on,
1355 5250 1379 5289 ct
1389 5238 1415 5289 b.
1425 5238 1442 5288 1.
1458 5248 1482 5287 et
1497 5238 1523 5286 in
1535 5252 1594 5305 sqq.
1679 5268 1684 5277 .
