3884 5925
596 480 1174 685 ΠΑΡΑΦΡΑΣιΣ.

753 811 1035 843 *¹*-

119 1024 191 1065 ε-ιε.
213 1005 256 1065 Τὸ
271 1005 331 1082 περὶ
345 1003 392 1076 την
404 1006 453 1080 γῆν
466 1004 566 1065 καὶτὸν
582 1004 665 1085 μάγον
680 1006 774 1067 πόντον
787 1007 860 1089 ᾅδειν
906 1008 1016 1091 Κρόνιόν
1039 1033 1067 1070 τι
1087 1010 1132 1071 καί
1154 1012 1291 1090 πεπηγότα
1316 1014 1413 1075 κολπον
1439 1018 1563 1077 καλοῦσιν
1591 1016 1686 1101 [ἀλλοε

70 1094 228 1172 dmm
239 1091 285 1149 καί
301 1090 360 1157 τοὸς
374 1090 508 1169 ποταμούς
526 1092 571 1151 καί
583 1090 632 1161 τάς
644 1092 734 1179 πόλεις
746 1096 793 1153 καὶ
808 1099 861 1155 τῶν
905 1099 934 1155 δί
942 1096 1081 1173 πεπηγότα
1090 1104 1181 1158 τοῦτον
1194 1098 1238 1159 τὸν
1252 1100 1362 1181 Ιίρόνιον
1371 1102 1464 1163 πόντον
1471 1106 1583 1165 Ικαλοῦσι
1597 1106 1640 1165 διὸ
1653 1108 1684 1167 τὸ

70 1182 184 1259 ἀνδροῖν
199 1178 235 1239 τὸ
254 1178 298 1236 διὸ
318 1180 417 1249 πλῆθος
435 1180 581 1259 κρίνεσθαι,
599 1177 683 1240 είτοιν
708 1182 861 1262 διαχειρίζε·
962 1182 1006 1265 ρὸν
1018 1186 1069 1243 τῶν
1083 1184 1180 1259 τόπων,
1193 1187 1229 1253 ὣς
1241 1186 1407 1266 πηγνυμίνοε
1418 1191 1527 1269 αὑτοῦ],
1541 1192 1587 1251 καί
1596 1193 1686 1272 νεκρὸν

70 1265 584 1347 σθιημάδυνάμεναίθνη,πρῶτοντοῦ
593 1268 860 1349 βαθυρρόοεάικεανοῦ
905 1292 978 1330 επον
992 1270 1036 1330 διὸ
1050 1269 1081 1330 τὸ
1095 1270 1199 1340 ἀαθενλς
1212 1279 1259 1335 τοῦ
1279 1274 1365 1345 ἡλίου·
1381 1276 1497 1357 βραδίως
1518 1276 1569 1358 γάρ
1589 1278 1608 1351 ἢ
1631 1280 1688 1339 όλί-

71 1354 174 1428 μνείαν
191 1352 346 1431 ποιήσομαι.
386 1354 441 1415 Καὶ
454 1355 506 1435 γάρ
526 1356 671 1434 ίνίκείνιμ,
693 1360 732 1438 τῷ
750 1357 861 1440 ὠκεανῷ
903 1378 950 1437 γον
960 1356 1083 1438 ὑπεράνω
1097 1357 1197 1432 ίκείνης
1208 1362 1255 1431 τῆς
1275 1362 1408 1433 θαλάσσης
1422 1362 1535 1445 φαείνει,
1547 1370 1685 1446 πανταχοῦ

70 1441 219 1521 δηλονότι,
234 1440 326 1500 άπασα
345 1442 363 1511 ἢ
382 1440 488 1520 άπειρος
502 1446 537 1519 γῆ
551 1440 587 1509 ῶς
604 1446 683 1513 νῆσος
695 1443 857 1526 πιριὺχεται.
905 1442 932 1502 δί
947 1444 999 1503 ὑπὸ
1018 1446 1071 1505 τῶν
1085 1449 1195 1525 σκιερῶν
1210 1448 1324 1528 νεφελῶν
1345 1448 1492 1531 παχύνεται
1507 1449 1553 1511 καί
1571 1458 1684 1515 πυκνοῦ·

70 1532 122 1588 Οῦ
135 1538 210 1587 πάσα
224 1528 253 1589 δὸ
266 1526 352 1589 διόλου
364 1530 478 1609 ὑπάρχει
490 1528 660 1610 κυκλοτερὴς,
675 1532 734 1591 ἀλλ’
747 1530 862 1613 άμφοτά·
904 1552 960 1591 ται.

72 1620 173 1693 ρειθεν,
185 1613 200 1673 δ
210 1614 268 1674 ῖστι
276 1614 310 1673 δι’
324 1614 448 1693 ίκατάρου
458 1614 570 1694 μίρους,
584 1617 650 1695 πρὸς
662 1616 710 1687 τὸς
722 1622 770 1679 τοῦ
782 1618 858 1690 ἡλίου
943 1638 1020 1681 οε-εε.
1036 1618 1129 1681 Ὅπου
1143 1620 1171 1681 δί
1182 1620 1213 1680 τὸ
1224 1624 1327 1703 πρῶτον
1339 1626 1412 1703 ἀνιῇ
1424 1624 1539 1703 ἀνατολῇ
1550 1625 1686 1685 ἀνατίλλιι

70 1702 155 1769 δδοὸς
169 1700 319 1782 πλατυτίρα
331 1700 510 1779 προάαίνουσιι
528 1703 575 1761 καί
592 1704 785 1785 προερχομίνη,
801 1705 860 1777 ἤτοι
902 1706 1107 1787 τοῖςάνθρόιποις
1119 1707 1149 1766 τὸ
1158 1706 1221 1787 πρὸς
1229 1704 1265 1766 ίοε
1278 1706 1367 1788 μόρος,
1378 1712 1448 1790 ἠῷον
1459 1710 1504 1775 καί
1512 1710 1621 1773 Ἰνδικὸν
1636 1735 1686 1772 κα·

72 1790 147 1867 πρὸς
155 1788 284 1861 ἀνατολὴν
295 1787 341 1847 καί
351 1788 424 1848 δύσιν
429 1831 438 1860 ,
448 1787 528 1865 ὁμοία
539 1789 586 1848 καί
594 1790 769 1871 παραπλησία
782 1814 860 1871 σφεν-
903 1794 987 1855 λεῖται
997 1795 1029 1855 τὸ
1039 1800 1111 1873 κῦμα
1122 1797 1205 1855 ίκεῖνο
1218 1800 1265 1867 τῆς
1274 1796 1421 1870 θαλάσσης,
1431 1798 1551 1857 τουτάστι
1563 1798 1594 1857 τὸ
1608 1798 1686 1878 μόρος

71 1876 151 1955 δόνη.
192 1874 302 1937 Πίαεὸί
314 1874 396 1945 αὑτὴν
404 1874 500 1955 καίπερ
510 1876 604 1935 ἀοῦσαν
616 1878 643 1937 ίν
651 1878 769 1958 τρισσαῖς
780 1878 860 1951 ἠπεί-
904 1882 987 1941 ίκεῖνο
1004 1886 1049 1941 τοῦ
1063 1883 1190 1943 εύκεανοῦ.
1233 1884 1273 1944 Τὸ
1290 1880 1395 1962 δίπρὸς
1415 1883 1489 1943 νότον
1507 1884 1591 1959 κλίμα
1604 1884 1683 1964 'Epu-

73 1966 171 2041 ροιςαί
195 1964 344 2042 άνθρονποε,
366 1961 424 2019 ἀντί
444 1968 490 2023 τοῦ
504 1965 541 2031 είς
561 1962 621 2043 τρία
642 1962 726 2043 μίρη,
748 1966 855 2028 διεῖλον.
903 1970 1049 2047 θραῖονκαλ
1063 1968 1684 2039 Αίθιοπικὸνκαλοῦσεν·δντουθπολὸςκαίίπι·

76 2051 197 2131 Πρόκνην
221 2050 269 2127 μίν
288 2048 338 2121 τὸν
351 2048 454 2122 Λιάύην
468 2039 541 2122 ε’ίπε,
558 2050 685 2128 προέταξε
706 2048 734 2111 θλ
749 2051 859 2125 ταύτην,
904 2056 992 2132 μάνης
1005 2061 1051 2129 τῆς
1066 2056 1190 2128 ἀοικήτου
1204 2059 1253 2134 γῆς
1265 2056 1345 2125 τόπος
1363 2056 1563 2129 ίκτετάνυσται,
1576 2058 1627 2117 ὑπὸ
1637 2062 1685 2119 τοῦ

74 2138 149 2197 διότι
163 2138 209 2199 καί
227 2137 308 2206 Δίύυς
323 2129 364 2209 ἦν·
374 2136 442 2213 μετά
453 2135 552 2209 ταύτην
566 2137 594 2196 δί
603 2138 652 2210 τὴν
666 2138 799 2220 Εύρῶπην
812 2139 859 2199 καί
904 2146 1040 2223 μαλεροῦ,
1055 2144 1113 2217 ἤτοι
1128 2149 1300 2223 θερμαντικοῦ
1315 2144 1361 2203 καί
1373 2150 1533 2217 καυστικοῦ,
1547 2147 1624 2218 ἡλίου
1635 2169 1683 2205 κε-

75 2223 182 2284 Ἀσίαν.
208 2223 310 2296 ’Am
328 2223 376 2301 μάν
390 2224 475 2295 Διόύη
488 2224 583 2284 ἀποθεν
598 2225 712 2306 ίχτιτῆς
727 2226 858 2308 Εύριὺπης
903 2230 1041 2315 καυμίνος.
1058 2229 1128 2313 [Καὶ
1146 2231 1197 2311 γάρ
1211 2231 1241 2290 τὸ
1259 2231 1323 2310 πρὸς
1336 2232 1410 2292 νότον
1428 2230 1505 2311 μόρος
1518 2231 1683 2314 Ἐρυθραῖον,

75 2311 126 2371 τὸν
143 2310 218 2391 ὅρον,
226 2310 350 2394 τουτάστι
366 2312 411 2371 τὸν
423 2312 576 2391 χωρισμὸν,
588 2312 623 2372 τά
642 2336 672 2372 τε
687 2314 801 2393 Γάδειρα
814 2318 861 2375 καί
905 2318 951 2378 καί
965 2317 1010 2377 διὸ
1026 2324 1103 2379 τοῦτο
1121 2317 1152 2377 τὸ
1173 2319 1243 2385 ίθνος
1257 2320 1339 2378 ἐκεῖνο
1358 2320 1511 2379 Αἰθιοπικὸν
1519 2362 1529 2395 ,
1545 2323 1580 2386 ῶς
1595 2342 1686 2399 παρα-

75 2399 112 2456 τὸ
124 2398 210 2473 στόμα
228 2404 274 2457 τοῦ
289 2398 399 2469 Νείλου,
413 2398 487 2466 λοξὸν
501 2400 528 2457 ἀν
539 2398 595 2465 ταῖς
607 2399 788 2478 γραμμαῖς,δ
803 2401 860 2460 ίστι
903 2408 1005 2463 κεῖσθαι
1025 2405 1125 2485 μακρὸν
1141 2407 1246 2484 ἀγκῶνα
1269 2410 1316 2479 τῆς
1334 2404 1487 2483 ἀοικότου.]
1528 2403 1617 2477 Οὑτω,
1631 2428 1684 2463 κα-

75 2483 350 2561 ταῑίδῑῦῒυπύσεσῑν,
361 2488 397 2553 ὥς
411 2487 569 2545 mm!
582 2487 628 2546 καὶ
645 2489 782 2565 κυρτοῦιδῆ
792 2488 857 2567 φαί-
904 2489 954 2560 θιὸς
973 2492 1093 2568 είπομκν,
1108 2492 1257 2573 περιτρέχει
1277 2495 1291 2549 ὸ
1309 2492 1422 2558 ὠκεανὸς
1436 2499 1525 2549 πᾶσαν
1545 2490 1594 2561 τὴν
1619 2495 1684 2569 γῆν,

76 2578 187 2645 νεσθαι,
203 2571 269 2631 ὅπου
285 2572 447 2653 βαραιότατον
468 2571 580 2654 ὑπάρχει
596 2573 628 2633 τὸ
651 2572 763 2655 ίαχατον
781 2574 859 2655 μάρος
902 2582 1018 2645 τοιοῦτος
1042 2577 1167 2658 ὑπάρχων
1191 2579 1237 2637 καὶ
1263 2582 1377 2637 τοσαῦτα
1400 2576 1443 2635 ίπί
1463 2583 1516 2643 τοῖς
1539 2575 1683 2657 ἀνθρώποις

76 2664 129 2731 τῆς
148 2659 300 2739 Αἰγύπτου,
313 2661 360 2720 καί
371 2662 402 2720 τὸ
418 2659 578 2742 περίπυστον
591 2660 716 2736 τέμενος,
725 2661 744 2733 ,δ
756 2661 814 2723 ίστι
830 2662 861 2721 τὸ
904 2664 1020 2743 ὀνόματα
1034 2665 1115 2744 ίχονν.

77 2747 237 2816 ίξάκσυστον
248 2748 363 2829 χωρίον,
377 2754 425 2808 τοῦ
437 2752 594 2809 Λακωνικοῦ
614 2748 756 2810 Κατώύου.
803 2748 861 2821 Τὴν
942 2770 1020 2813 ιω.
1037 2749 1263 2817 ίίόλπουςδίίνθα
1277 2751 1384 2807 κάκεῖσε
1397 2748 1521 2809 ίκῦάλλει
1535 2746 1630 2809 ίσννθεν
1645 2750 1682 2817 τίς

78 2834 111 2893 δί
124 2834 256 2914 Πύράιπην
267 2834 314 2895 καί
334 2834 423 2895 Ἀσίαν
442 2839 458 2894 ὑ
479 2834 580 2901 Τάναῖς
600 2832 680 2910 μίσον
701 2835 861 2917 διαχωρίξει·
903 2836 951 2909 τὸν
964 2842 1026 2918 γῆν,
1039 2836 1148 2917 μικρούς
1161 2836 1208 2913 μίν
1217 2835 1344 2912 πολλούς,
1358 2834 1484 2913 τέτταρας
1496 2834 1523 2895 δί
1536 2839 1683 2913 μεγίστους.

4 2958 18 2982 ·
78 2922 183 2990 Τάναῖς
195 2921 224 2983 ίί
237 2921 346 3003 λίγεταε
357 2921 401 2982 διὸ
421 2920 452 2981 τὸ
470 2921 619 3002 τττεμάνιες
644 2926 708 3001 ῥεῖν·
731 2922 805 2992 ὅστις
826 2924 860 2999 δὴ
905 2927 960 2988 Καί
975 2928 1078 3008 πρῶτος
1094 2925 1142 3004 μίν
1156 2924 1227 2994 ύστις
1248 2921 1296 2996 τλν
1319 2920 1444 3002 ίσπερίαν
1465 2922 1513 2994 τλν
1536 2920 1596 2982 καθ’
1612 2926 1684 3000 ἡμᾶς

78 3012 287 3093 αυατρεφόμενος
299 3011 344 3072 ἀπὸ
356 3009 405 3084 τὸν
427 3011 611 3090 Σαυροματῶν
620 3012 670 3087 γῆν
684 3009 792 3088 σύρεται
812 3011 859 3070 καί
903 3013 1039 3074 θάλασσαν
1054 3019 1141 3088 ποιεῖ,
1162 3011 1304 3092 συρόμενος
1318 3009 1371 3070 ἀπὸ
1386 3014 1434 3081 τῆς
1447 3009 1549 3082 Διάύης
1565 3011 1614 3079 ίαις
1634 3017 1682 3085 τῆς

79 3096 186 3171 ἀπίτιίν
199 3097 316 3160 Mn
332 3095 379 3156 καί
392 3095 437 3156 ίπί
453 3095 502 3168 τλν
524 3093 664 3156 nuans·
686 3095 783 3172 λίμνην
796 3098 861 3176 πρὸς
909 3099 1088 3178 Παμφυλίας.
1130 3097 1257 3179 Δεύτερος
1270 3099 1315 3170 δι’,
1330 3099 1388 3157 κατ’
1400 3095 1487 3174 ὀλίγον
1502 3097 1551 3174 μίν
1564 3098 1686 3180 μικρότε·

81 3183 331 3265 ποιῶνται
349 3181 761 3262 *mamma
779 3185 861 3244 ιο
905 3191 1004 3266 που
1021 3184 1423 3267 ποιμαινόντων.
1442 3184 1610 3261 νομιῶ
1630 3189 1684 3246 αν

80 3271 219 3351 ὁρίζοντες.
272 3270 421 3352 Πεαούρεον
439 3259 542 3330 δίείπε
555 3268 588 3328 τὸ
600 3268 681 3346 μίσον
693 3269 861 3350 δριον,οίονεί
904 3271 1013 3350 ἀλλων,
1035 3271 1109 3341 ὅστις
1134 3271 1188 3333 ἀπὸ
1211 3275 1259 3342 τῆς
1277 3270 1390 3352 Κρονίοις
1411 3272 1546 3344 θαλάσσης
1567 3271 1619 3332 ἀπὸ
1635 3277 1682 3332 τοῦ

80 3359 259 3441 δεσχάρεσμσ·
273 3355 379 3438 τοῦγάρ
391 3356 591 3429 Ἑλλησπόντου
604 3356 767 3436 νοτεύτερον.
817 3357 859 3418 Τὸ
905 3362 987 3440 βορρθ
999 3359 1287 3440 δεασκορπιξόμενοςτῇ
1300 3357 1412 3440 Κασπίη
1423 3357 1544 3439 θαλάσσῃ
1557 3357 1588 3417 τὸ
1602 3357 1685 3418 δεινὸν

81 3444 585 3529 δίνόττσνμίροςἛλλήσποντόςίστι.
625 3443 862 3522 Σῆμαδί,δίστι
904 3447 1114 3527 αύτοῦρεῑθρσν,
1128 3443 1189 3518 ἤτοι
1201 3442 1250 3516 τλν
1270 3444 1400 3526 πρόχυσιν
1416 3447 1460 3504 τοῦ
1479 3444 1684 3514 ύκεανοῦ,ίπι·

81 3534 266 3615 διεχάρεσμα,
277 3533 501 3615 ὑπερτετάνεσται
511 3530 664 3611 νοτιάεερον
675 3531 720 3594 ἀπὸ
732 3530 860 3613 τὸῗΠρε·
903 3529 1014 3609 σίμπει.
1056 3528 1148 3590 ’ἀλλον
1160 3529 1189 3590 δλ
1202 3529 1347 3611 Ὑρκανίαν
1358 3529 1492 3591 θάλασσαν
1504 3529 1585 3601 αύτλν
1596 3519 1683 3592 εἷπον.

81 3621 223 3684 &lumb
233 3621 331 3698 στόμα.
837 3611 845 3628 ’
903 3621 964 3680 Τῶν
979 3618 1007 3678 δί
1021 3619 1109 3678 άλλιυν
1124 3616 1170 3676 δύο
1183 3615 1306 3690 κόλπων,
1320 3615 1412 3684 οίτινίς
1431 3617 1495 3676 είσιν
1509 3617 1562 3678 ἀπὸ
1576 3619 1622 3688 τῆς
1635 3639 1681 3676 νο·

125 3727 202 3770 10·oe-
216 3704 306 3768 Ἄλλοι
319 3705 348 3766 δί
359 3705 441 3766 πάλιν
453 3707 511 3772 ταῖς
531 3703 647 3784 ἠπείροις
661 3704 708 3774 τὸν
729 3707 779 3782 γῆν
792 3700 862 3763 οὑτοι
903 3705 961 3774 σίας
975 3703 1127 3778 θαλάσσης,
1146 3693 1182 3771 είς
1197 3705 1244 3781 μίν
1258 3702 1386 3782 άνιύτερος
1400 3701 1525 3783 ὑπάρχων
1539 3701 1570 3761 τὸ
1584 3705 1684 3782 Περσι·

81 3793 292 3876 διαχειρίζωσιν.
343 3791 449 3868 ’ίοθμὸς
472 3791 528 3850 ἀνιο
544 3789 698 3851 τετάνυσται
715 3789 861 3869 ὑαίρτατος
904 3789 950 3851 κὸν
963 3796 1038 3869 κῦμα
1052 3789 1173 3870 προχίαεν
1192 3789 1219 3859 ίξ
1240 3789 1357 3856 ίναντίας
1366 3787 1545 3869 τετραμμάνος
1557 3791 1605 3860 τῆς
1617 3791 1683 3852 Κα-

80 3886 132 3954 τῆς
142 3883 258 3948 Ἀσιάδος
267 3880 361 3960 γαίης,
374 3877 525 3957 άναμεταξὸ
536 3883 584 3950 τῆς
595 3877 719 3946 Κασπίας
728 3876 862 3950 Ouum<
905 3879 986 3948 οπίαε
1005 3877 1155 3951 θαλάσσης,
1178 3876 1257 3944 ἀλλος
1282 3874 1310 3934 δί
1329 3875 1410 3935 πάλιν
1430 3873 1567 3954 ’λραύικὸς
1589 3875 1685 3942 κόλπος

83 3971 131 4032 καί
143 3975 189 4030 τοῦ
197 3968 320 4039 Πὺξείνοε
333 3967 469 4045 πελάγους
482 3965 574 4042 ίσθμὸς
584 3964 613 4024 δί
621 3963 727 4043 λίγεται
735 3965 860 4043 στενλγῆ
905 3967 1056 4045 ίξαγιιοῦται
1069 3963 1115 4024 καί
1126 3961 1233 4033 αύξιται
1244 3961 1355 4036 πλησίον
1367 3967 1414 4022 τοῦ
1424 3965 1577 4044 Περσικοῦ,
1591 3959 1684 4022 νοτειύ·

84 4057 183 4134 μεταξύ
204 4056 251 4116 δύο
276 4057 425 4116 θαλασσῶν·
450 4055 548 4113 ίκιῖνον
573 4051 601 4112 δί
624 4051 670 4110 τὸν
697 4052 788 4128 ἰσθμὸν
815 4055 861 4122 τῆς
904 4076 978 4134 τερον
1003 4053 1035 4113 τὸ
1060 4055 1144 4130 ῥεῦμα
1168 4049 1320 4130 συστρίφαιν
1345 4053 1391 4108 τοῦ
1415 4049 1538 4118 Εὑξείνου
1567 4048 1682 4110 Πόντου.

84 4143 169 4212 Ἀσίας
181 4143 229 4204 καί
239 4147 287 4215 τῆς
298 4142 427 4222 Εύραὺπης
437 4131 590 4216 ύρσνεῖπον.
631 4135 724 4208 Ἄλλος
738 4140 765 4198 δί
781 4139 862 4198 πάλιν
907 4142 1035 4201 Τοσοῦτοι
1050 4139 1098 4218 μίν
1112 4145 1158 4198 τοῦ
1173 4136 1317 4218 βαθυρρόου
1335 4137 1452 4196 ὠκεανοῦ
1468 4136 1492 4194 οί
1507 4133 1620 4212 μείζονάς
1634 4137 1685 4196 είσι

84 4229 174 4306 ίσθμὸς
184 4228 283 4308 μακρὸς
291 4229 338 4290 καί
349 4228 432 4306 μίγας
445 4227 489 4287 ίαί
499 4226 546 4285 τὸν
555 4225 628 4286 νότον
638 4225 745 4304 σύρεται
758 4225 802 4284 ίπί
815 4231 861 4284 τοῦ
905 4225 1009 4286 κόλποι·
1023 4227 1098 4286 ἄλλοι
1112 4225 1140 4284 δί
1154 4225 1259 4304 άπειροι
1269 4223 1316 4282 καί
1329 4223 1422 4283 πολλοί
1435 4221 1601 4300 γεγόνηνται.

84 4315 220 4395 Ἆραῦεκάῖ
238 4315 336 4376 κόλπον
349 4317 395 4376 καί
409 4313 506 4393 μεταξύ
523 4319 568 4384 τῆς
581 4313 733 4393 Αἰγύπτου,
744 4313 815 4382 ὅστις
828 4313 861 4384 δὴ
944 4331 1028 4374 εε-σα.
1053 4311 1158 4389 Ἀρτίως
1173 4309 1200 4370 δί
1216 4315 1263 4384 τῆς
1288 4308 1410 4389 ίσπιρίας
1429 4307 1488 4380 ἤτοι
1507 4312 1554 4379 τῆς
1576 4309 1684 4380 δυτικῆς

85 4402 139 4462 άπὸ
150 4407 196 4475 τῆς
209 4401 357 4471 ’λαιάτιδος
367 4408 415 4480 γῆς
430 4401 477 4474 τὴν
487 4399 589 4473 Λιόύην
598 4400 716 4481 χωρίζει.
744 4402 862 4461 Τοιαῦτα
905 4403 953 4472 τῆς
968 4399 1028 4459 καθ’
1038 4403 1108 4477 ἡμᾶς
1120 4397 1254 4470 θαλάσσης
1265 4397 1309 4458 τὸν
1324 4395 1403 4476 πόρον
1418 4395 1493 4468 λάξω,
1506 4395 1562 4466 ἥτις
1576 4393 1620 4454 ίπλ
1634 4397 1684 4454 πά·

85 4489 135 4566 μλν
145 4492 169 4548 οί
181 4489 312 4569 ἀνθρονιεοι
320 4490 381 4570 περί
389 4493 443 4549 τῶν
458 4486 525 4568 ύροιν
540 4491 587 4558 τῆς
599 4491 647 4564 γῆς
661 4486 820 4555 διετάξαντο.
907 4508 954 4552 σας
967 4485 1015 4556 τὸς
1027 4483 1192 4566 ἠπείρους,δ
1215 4483 1284 4544 ἔστιν
1294 4483 1338 4544 ίπί
1351 4482 1384 4541 τὸ
1398 4481 1458 4564 τρία
1472 4486 1518 4554 τῆς
1532 4479 1685 4558 οίκουμίνης

126 4595 201 4640 ποτε.
230 4577 373 4656 Πανταχοῦ
393 4574 421 4635 δί
443 4579 491 4634 τοῦ
515 4573 670 4652 ἀκαμάταν,
695 4573 710 4632 θ
731 4573 789 4634 ίστι
817 4577 863 4633 τοῖν
907 4574 992 4653 μέρη,
1007 4581 1061 4640 τοῖς
1079 4573 1161 4642 λοξοῖς
1176 4573 1316 4650 πελάγεσιν
1339 4571 1542 4652 ίπιστρίφεται,
1567 4571 1685 4630 τουτίστι

86 4662 251 4737 ἀεικινήτον,
264 4664 380 4724 όνκεανοῦ
394 4666 409 4720 ὑ
424 4649 657 4743 ροῦςφίρεται,εἷς
666 4658 862 4740 μίνὺπάρχοιν,
906 4659 1056 4740 διίρχιται,
1076 4661 1170 4720 άλλοτε
1197 4659 1245 4736 μὲν
1260 4659 1354 4730 νήσους
1367 4655 1456 4737 κύκλιρ
1476 4654 1685 4741 πιριτρίχουσα,

86 4750 192 4816 πολλαῖς
206 4749 235 4808 δί
260 4747 420 4826 ίποινυμῖαις
439 4745 563 4828 άρηρεὸς,
577 4745 658 4824 ἤγουν
683 4747 861 4826 ἡρμοσμάνος.
907 4745 1001 4806 ἀλλοτε
1014 4748 1041 4805 δί
1056 4743 1072 4817 ἢ
1088 4746 1167 4827 θρίων
1184 4745 1297 4826 άκραςῆ
1314 4743 1344 4804 τὸ
1359 4747 1410 4803 τῶν
1426 4743 1564 4820 παραλίων
1582 4741 1683 4802 πόλεων

88 4836 144 4898 ίίαί
153 4828 226 4903 οῦτος
236 4837 284 4913 μίν
295 4842 311 4898 θ
321 4836 435 4903 ύκιανὸς
443 4834 504 4915 περί
514 4833 562 4905 τὴν
572 4835 697 4913 ίσχατιὸν
705 4840 751 4894 τοῦ
761 4837 863 4916 λοκροῦ
906 4834 981 4894 κάτω
998 4834 1075 4914 μίρος
1087 4832 1250 4905 ὑποξύουσα,
1265 4832 1325 4905 ἤτοι
1337 4829 1525 4912 ὑποτρίόουσα.
1540 4829 1632 4907 Ὑμεῖς
1644 4832 1684 4903 δὲ,

87 4923 207 5002 ζεφύρου,
220 4923 279 4995 ἦτοι
301 4927 347 4982 τοῦ
366 4925 483 4998 δυτικοῦ,
508 4919 526 4990 ἢ
546 4922 647 4995 μάλλον
665 4925 711 4979 τοῦ
733 4920 864 4981 Ἰταλικοῦ
907 4910 1059 4994 ύλίοῦσαε,
1074 4919 1121 4988 τὸς
1134 4920 1239 4989 σκολιὸς
1253 4918 1341 4990 ὑδοίις,
1356 4919 1416 4993 ἤτοι
1433 4919 1479 4986 τὸς
1493 4919 1626 4998 δυσχερεῖς
1640 4919 1685 4978 καί

90 5009 152 5086 (καί
158 5009 208 5089 γάρ
221 5011 286 5067 είσιν
300 5010 328 5067 ίν
342 5007 443 5087 Ἰταλίη
452 5005 633 5086 Ἐπιζεφύριοι
644 5007 753 5086 Λοκροί)
768 5005 864 5074 Ἄτλας
907 5011 937 5068 οὑ
952 5011 1011 5068 κατ’
1027 5009 1128 5068 εὑθεῖαν
1142 5008 1243 5079 ἰούσας,
1258 5006 1437 5087 προσείπατε,
1451 5003 1596 5084 ἀρξάμεναι
1616 5003 1685 5062 κατὸι

87 5098 205 5156 καλεῖται
224 5095 353 5175 ῖσπίριος.
394 5097 529 5172 ’Υπερθεν
545 5095 573 5154 δί
592 5094 655 5175 πρὸς
674 5099 783 5175 βσρράν,
796 5097 863 5168 ὅπου
907 5095 980 5165 τάξιν
994 5096 1048 5156 ἀπὸ
1061 5101 1106 5156 τοῦ
1119 5097 1222 5154 δυτικοῦ
1243 5094 1377 5170 ὠκεανοῦ,
1390 5093 1456 5154 ύπου
1474 5091 1518 5152 καί
1541 5089 1568 5149 σί
1588 5091 1683 5162 στῆλαι

86 5183 113 5242 εί
127 5182 222 5270 παῖδες,
233 5182 293 5255 ἤτοι
303 5183 333 5244 τὸ
347 5185 425 5259 ίθνες,
438 5184 490 5242 τῶν
500 5184 664 5260 πολεμιστῶν
680 5181 859 5263 Ἀριμασπῶν,
908 5191 953 5244 τοῦ
965 5181 1146 5266 Ἧρακλίους,
1168 5180 1236 5270 ἤτε
1258 5180 1354 5254 Ἀλύόη
1373 5181 1417 5239 καί
1436 5173 1561 5254 Mum,
1576 5177 1636 5260 περί
1650 5175 1685 5238 τὸ

852 5299 911 5352 409
