3884 5925
210 461 263 515 tut

278 673 362 744 ἤτοιθ
377 670 424 751 μίν
437 678 547 750 Λοκροῑο
559 673 622 748 παρ’
637 673 762 750 ἐσχατιὴν
776 673 893 753 ζεφύροιο

240 780 266 820 so
280 760 375 828 ’λτλας
389 759 506 839 ἑσπέριος
520 758 706 831 κικλήσκεται,
719 760 801 840 αὐτὰρ
817 759 926 842 ύπερθιν

281 849 346 926 πρὸς
358 847 464 928 βορέην,
474 846 517 906 ίνα
529 847 791 924 παῖδες-ἃρειμανίων
804 849 985 928 Ἀριμασπῶν,

278 937 371 996 πόντον
391 959 435 1012 μιν
451 934 574 994 καλέουσι
589 937 728 1012 πεπηγότα
742 959 769 994 τε
790 936 898 1016 Κρόνιόν
913 960 953 994 τε·

280 1020 354 1079 ἄλλοι
367 1023 388 1078 δ’
401 1011 435 1080 σύ
447 1022 492 1080 καί
506 1021 595 1102 νεκρὸν
610 1023 742 1102 ἐφήμισαν
754 1021 829 1081 εἵνεκ’
843 1025 960 1102 ἀφαυροῦ

278 1111 378 1180 ἠελίου·
395 1112 499 1189 βροίδιον
512 1111 562 1190 γὰρ
576 1113 654 1190 ύπείρ
669 1110 721 1168 ἅλα
737 1111 813 1182 τήνδε
828 1113 940 1192 φαείνει,

240 1217 266 1256 τε
282 1197 332 1256 uisi
347 1195 374 1256 δὲ
389 1203 507 1278 σκιερῇσι
521 1199 667 1277 παχύνεται
679 1201 706 1255 ἐν
719 1199 867 1279 νεφέλῃσιν·

279 1284 362 1364 αύτθρ
376 1284 415 1344 dds
429 1284 564 1364 πρώτιστα
576 1285 709 1359 φαείνεται
722 1286 906 1362 ἀνθρώποισιν,

280 1374 348 1451 ἠῷον
360 1371 483 1431 καλέουσι
494 1372 540 1430 καὶ
555 1372 666 1431 Ἰνδικὸν
677 1362 755 1448 οἶδμα
769 1373 916 1446 θαλάσσης·

278 1458 340 1538 ἄγχι
353 1460 376 1518 δ’
390 1458 544 1536 Ἐρυθραῖόν
556 1481 584 1517 τε
602 1460 646 1518 καὶ
661 1461 787 1519 Αίθύπιον
798 1459 934 1518 καλέουσιν

277 1547 340 1626 πρὸς
351 1548 432 1606 νότον·
442 1545 502 1605 ἔνθα
513 1547 540 1605 δὲ
554 1548 649 1614 πολλὸς
664 1549 786 1620 ἀοικήτου
795 1547 885 1626 χθονὸς
899 1546 982 1608 αὐλὼν

236 1655 263 1693 ιο
277 1633 429 1706 ἐκτέταται,
443 1635 579 1713 μαλεροῖσι
593 1633 751 1710 κεκαυμένος
764 1635 897 1706 ὴελίοισιν.

278 1718 369 1788 Oinoe
382 1722 508 1786 Ὠκεανὸς
517 1721 685 1800 περιδίδρομε
700 1731 779 1799 γαῖαν
790 1721 907 1793 ἅπασαν,

277 1815 345 1872 τοῖος
357 1807 406 1868 ἐὼν
419 1807 464 1866 καί
480 1815 537 1867 τοῖα
550 1808 607 1883 μετ’
621 1809 744 1887 ἀνδράσιν
759 1807 879 1885 οὗνόμαθ’
889 1807 984 1866 ἕλκων.

279 1893 537 1962 Κόλπουςθένθακαί
544 1894 814 1973 ἔνθίίπερεύγεται,είς
822 1895 872 1953 ἅλα
882 1895 987 1974 βοίλλων

204 2063 270 2132 ιιγείἰ
282 2061 341 2115 loco
352 2065 388 2129 (ν.
400 2061 463 2132 9α4)
472 2063 551 2116 etiam
561 2063 706 2134 Stephanus
719 2081 744 2116 ν.
760 2061 857 2132 lipsii:
871 2061 984 2132 proban

204 2141 275 2211 quod
291 2159 411 2194 nuscum
424 2141 595 2212 Bemhsrdyo
609 2142 707 2212 ubique
726 2143 900 2212 reposuimus.
917 2140 987 2192 Vide

203 2220 369 2273 Eustathium
384 2219 418 2272 acl
439 2239 476 2272 vs.
496 2237 557 2290 9²7·
572 2223 630 2291 41-
646 2237 689 2288 27.
711 2220 775 2290 ῥόος]
789 2222 872 2280 σθένος
886 2222 987 2280 Anat

205 2299 244 2369 (ia
254 2301 269 2360 ζ
280 2299 426 2368 mgohabet
437 2299 513 2370 ῥόος).
523 2317 613 2368 margo
621 2301 647 2350 in
665 2305 686 2354 Υ
692 2300 745 2370 ι’βγ,
755 2298 914 2353 Eustath.ad
924 2298 952 2354 h.
967 2299 983 2354 l.

202 2376 273 2430 etad
287 2395 324 2429 vs.
341 2395 352 2429 ι
367 2377 425 2444 (sed
436 2377 490 2448 ῥόος
504 2378 580 2430 habet
591 2377 624 2430 ad
637 2397 674 2430 νε.
689 2380 741 2445 ι3).
757 2382 767 2448 ll
780 2409 815 2418 -
824 2395 868 2450 ²9·
877 2378 901 2445 ὁ]
920 2379 986 2430 omi·
1000 2427 1005 2434 ,

202 2457 321 2520 simut,
335 2456 396 2508 fort.
413 2467 491 2510 recte.
511 2481 521 2502 ι
537 2456 606 2526 Παρὰ
622 2455 723 2522 σκοπιὴν
738 2458 848 2527 ζεφύροιο
861 2459 886 2509 in
898 2457 956 2510 cod.
974 2476 986 2509 ε

201 2534 349 2588 eraditulus
369 2547 502 2588 corrector
523 2537 670 2606 supposuit.
689 2563 699 2582 ι
720 2535 878 2608 Βσνιιίιιιιτζν.
904 2538 913 2604 ΙΙ
940 2538 974 2589 3ο

203 2610 290 2673 ’λτλας
308 2612 423 2682 ἑσπέριος]
434 2612 552 2665 Atlantici
568 2614 645 2664 maris
658 2631 753 2665 nomen
766 2613 799 2666 ab
810 2632 900 2666 oceani
912 2625 986 2684 parte

201 2689 316 2743 Africam
330 2691 440 2744 alluente
456 2690 489 2742 ad
504 2698 587 2742 totum
600 2709 671 2742 snare
684 2702 818 2754 exterum,
834 2709 888 2760 quo
909 2702 986 2743 terne

201 2768 431 2832 circumfunditur,
440 2767 502 2821 iude
509 2769 542 2822 ab
551 2767 726 2822 Eratosthenis
737 2769 789 2822 fere
800 2766 985 2841 temporibusa

201 2849 335 2901 nonnullis
350 2847 502 2901 translatum
512 2867 567 2900 asse
581 2859 691 2902 constat.
706 2851 740 2904 V.
754 2847 984 2902 Pseudaristoteles

202 2929 242 2980 De
258 2925 360 2981 mundo
373 2945 396 2980 c.
412 2927 437 2991 3,
450 2929 542 3001 Cicero
557 2929 648 2983 Soron.
666 2929 735 2999 Scip.
753 2933 779 2993 6,
794 2927 887 2981 Strabo
904 2945 930 2999 p.
954 2927 980 2983 5.

202 3007 246 3058 32.
269 3010 313 3059 65.
334 3008 393 3061 ι3ο.
410 3010 470 3075 294.
489 3009 549 3075 689.
566 3011 627 3075 767,
653 3008 814 3060 phavorinus
831 3025 874 3078 ap.
891 3008 980 3077 Steph.

201 3084 264 3154 Byr..
278 3103 304 3138 ν.
320 3083 440 3147 ὠκεανός,
463 3085 578 3137 Avienus
593 3086 646 3135 Ora
659 3101 725 3137 mar.
747 3088 808 3149 402,
825 3086 912 3155 Etym.
928 3087 985 3138 Gu-

201 3162 273 3215 dian.
289 3182 314 3235 p.
337 3181 381 3231 90.
408 3167 493 3230 Quem
512 3161 636 3231 loquendi
659 3180 734 3215 usum
751 3165 829 3215 etiam
844 3164 985 3233 Dionysius

200 3241 291 3311 prodit
303 3238 418 3311 eoquod
434 3238 574 3291 occiduum
589 3240 724 3292 Oceanum
738 3240 805 3293 dixit
815 3241 984 3315 Atlanticum

200 3318 392 3383 occidentalem,
404 3335 458 3371 non
470 3336 531 3371 vern
544 3318 703 3371 Atlanticum
712 3319 769 3372 siue
780 3320 981 3375 occidentatem.

199 3396 285 3467 ὕπερθε
299 3400 370 3459 elit.
383 3397 489 3467 ll-31.
506 3395 663 3466 ἀρειμανίιυν,
676 3401 742 3468 Ncq,
757 3397 916 3451 Eustatbius.
931 3397 983 3469 ἀρι·

201 3478 296 3545 μανύων
308 3480 338 3531 Y.
345 3478 393 3545 ΙΙ-
400 3476 443 3529 3ο.
453 3495 479 3527 τε
488 3486 548 3546 post
561 3494 585 3528 ν.
594 3478 722 3547 πεπηγότα
728 3494 783 3530 om.
790 3480 896 3531 ΒΜΝΥ
897 3477 981 3549 bceqr,

200 3554 255 3607 duo
279 3555 432 3610 Florentini.
454 3554 566 3624 Κρόνιον]
581 3556 699 3607 Primum
713 3554 741 3607 id
761 3572 858 3607 nomen
869 3558 985 3611 occurrit

199 3633 271 3704 apud
286 3634 401 3688 Plinium
416 3636 443 3696 4,
466 3637 510 3701 16,
528 3634 572 3699 3ο,
587 3632 647 3686 dein
667 3634 776 3705 saepius,
792 3644 821 3687 ut
836 3633 906 3705 apud
922 3634 983 3687 Plu-

199 3712 283 3770 tarcb.
308 3712 377 3764 Mor.
405 3729 433 3782 p.
457 3715 519 3779 941,
547 3710 750 3780 Agathemcrum
781 3728 808 3775 a,
834 3728 861 3776 a,
883 3713 984 3783 Orphei

199 3794 299 3858 Argon.
318 3790 395 3853 1085,
408 3790 519 3844 Ptolem.
531 3807 557 3853 a,
570 3807 595 3842 a.
610 3793 727 3861 Ineptum
742 3791 856 3843 nominis
870 3790 983 3861 explica·

199 3868 298 3921 tionem
310 3866 386 3921 affert
398 3868 559 3922 Eustathius.
576 3868 708 3939 ineptiora
722 3868 841 3940 quadam
854 3870 984 3922 recentio-

197 3963 258 3999 rum
270 3946 371 3999 somnia
383 3956 499 3999 recenset
510 3946 594 3999 Ukcrt
611 3948 709 4015 Geogr.
724 3948 749 4012 3,
765 3963 789 4011 r,
799 3966 826 4019 p.
840 3948 883 4015 87.
900 3970 911 3991 ι
922 3948 983 3999 Noa

198 4035 252 4077 tam
276 4026 416 4095 antiquatae
436 4027 569 4077 vetustatis
585 4027 737 4089 notionem,
753 4028 886 4097 propriam
912 4025 982 4078 illam

198 4104 255 4155 voci
270 4104 378 4173 Κρόνιος,
389 4103 485 4156 infame
495 4103 585 4167 decet,
599 4121 678 4173 quam
690 4105 842 4157 Graecorum
853 4104 984 4173 singulare

193 4181 325 4252 judiciam
340 4182 485 4253 appellare,
503 4184 549 4253 qui
568 4182 710 4235 occidentis
729 4182 851 4236 omnibus
873 4185 983 4236 omnino

197 4260 237 4313 vel
251 4262 337 4332 potius
352 4260 525 4313 barbarorum
548 4261 669 4329 gentibus
688 4260 838 4331 longinquis
854 4263 981 4330 insignem

196 4341 302 4393 Saturni
317 4340 464 4393 tribuerent
487 4340 697 4404 venerationem,
713 4341 740 4391 in
756 4340 796 4392 bis
814 4340 982 4393 Phoenicibus

196 4420 310 4472 maxime
324 4420 479 4487 Poenisqne,
499 4416 551 4469 diri
574 4416 690 4469 numinis
708 4417 869 4479 cultoribus,
886 4418 982 4472 deindo

198 4497 294 4559 Celtis,
307 4514 390 4567 quum
409 4497 545 4549 beatorum
572 4496 663 4548 insulis
687 4495 751 4548 darn
765 4496 952 4567 praeficeretur.
967 4524 978 4543 ι

103 4568 106 4577 “
197 4578 291 4632 Bernlr.
306 4575 431 4629 Fabulam
446 4576 480 4629 de
492 4577 583 4629 Crono
602 4576 629 4628 in
642 4577 721 4627 maris
736 4574 828 4631 Cmnit'
847 4576 930 4629 insula
943 4577 982 4630 vel

196 4657 224 4711 ln
232 4656 391 4718 continente,
401 4664 537 4725 qnaettans
546 4672 618 4707 mare
626 4656 754 4707 Cronium
762 4654 980 4724 emungebatur,

195 4734 329 4791 habitante
341 4734 423 4787 refert
448 4734 602 4787 Plutarchus
614 4733 708 4787 Moral.
722 4752 748 4807 p.
767 4738 828 4803 ptr.
845 4733 919 4788 Idem
931 4736 982 4788 alio

196 4812 254 4867 loco
269 4813 348 4883 (Mor.
370 4828 398 4882 p.
420 4815 482 4875 4αο,
502 4812 666 4879 A)Cronum
680 4820 796 4864 narrata
813 4813 921 4865 Briareo
939 4830 982 4865 oa·

195 4893 297 4963 ptirum
309 4890 435 4943 custodiri
448 4890 569 4943 ininsula
583 4892 661 4943 maris
675 4888 746 4961 quod
756 4901 795 4944 est
803 4892 872 4944 circa
881 4890 989 4943 Britan-

196 4970 278 5029 niam.
303 4968 461 5023 Claudianus
485 4972 536 5034 (De
556 4968 627 5022 laud.
651 4970 751 5023 Stilich.
778 4986 802 5035 r,
827 4970 888 5038 178)
911 4985 983 5021 mare

195 5049 323 5101 Cronium
342 5047 409 5100 dicit
427 5048 552 5100 Saturnia
578 5058 683 5114 stagna.
702 5048 802 5102 Plinius
825 5052 852 5111 4,
879 5048 921 5111 ι3,
946 5063 980 5114 27

196 5128 331 5180 Oceanum
345 5126 573 5196 septentrionalem
587 5127 621 5179 ah
635 5128 755 5180 Hecataeo
775 5126 924 5197 (Abderita)
939 5130 980 5178 A·

197 5202 337 5257 melchiam
355 5220 426 5255 mare
445 5204 531 5255 vocari
550 5202 652 5273 prodit,
669 5203 743 5273 «quod
758 5204 846 5273 lingua
866 5202 981 5272 scythica

196 5282 321 5354 significet
347 5281 517 5349 congelatam.
545 5280 677 5335 Diodorus
703 5282 817 5354 denique
840 5284 981 5335 maximam

914 457 1085 518 DlONl'Sll

239 649 252 660 ,
280 575 449 661 depisitio,
464 585 579 663 πολλῇσι
592 583 614 642 δ’
629 584 807 664 ίποινυμίῃσιν
822 585 938 665 ἀρηρώς·

1033 600 1088 669 qui,
1101 617 1170 652 unus
1184 600 1252 666 licet,
1263 601 1351 654 multis
1362 613 1401 655 est
1414 603 1556 656 instructus
1566 604 1779 672 cognominibus.

1031 690 1057 740 Is
1066 688 1136 740 enim
1146 690 1192 758 qui
1202 699 1333 741 exuemus
1343 689 1421 741 locri
1433 689 1529 742 favonii
1540 689 1603 742 firres
1613 691 1724 760 attingit,

1034 773 1180 828 Atlanticus
1193 776 1319 828 occiduus
1334 786 1455 840 vocatum
1467 787 1644 848 atsupernm,
1662 832 1666 838 ,

1032 861 1077 929 qui
1089 860 1122 912 ad
1135 861 1241 913 boream
1252 871 1360 932 spectat,
1374 862 1419 914 ubi
1433 880 1514 931 genus
1528 862 1655 915 ferocium
1663 865 1819 934 Arimaspo-

1033 965 1104 999 mare
1116 949 1276 1019 Concretum
1289 958 1383 1002 vocant
1396 951 1592 1019 Croniumquc5
1721 953 1815 1018 [rum.

1031 1033 1074 1085 alii
1084 1035 1161 1086 etiam
1172 1037 1310 1088 Mortuum
1320 1035 1444 1088 dixerunt
1452 1047 1561 1107 propter
1570 1035 1682 1089 debilem

1031 1118 1127 1183 solem;
1142 1120 1242 1172 tardius
1251 1122 1321 1174 enim
1332 1139 1412 1192 super
1422 1140 1494 1175 mare
1506 1121 1574 1176 istud
1588 1123 1671 1186 lucet,

1031 1223 1062 1258 ac
1073 1225 1177 1278 semper
1187 1208 1355 1262 tenebricosis
1369 1212 1395 1262 in
1407 1205 1522 1263 nubibus
1531 1212 1673 1264 massescit.

1032 1296 1130 1363 Atque
1142 1294 1258 1363 primum
1272 1298 1378 1365 appdret
1393 1296 1560 1360 hominibus,

1031 1379 1191 1431 Orientalem
1206 1390 1300 1432 vomat
1313 1391 1339 1433 et
1353 1381 1435 1434 salum
1449 1382 1530 1434 maris
1544 1379 1638 1433 Indici.

1031 1466 1185 1519 Proximum
1198 1483 1260 1517 vcro
1272 1466 1392 1519 Rubrum
1402 1477 1430 1520 et
1439 1467 1603 1537 AEthiopium
1615 1480 1724 1533 vocant,

1032 1553 1077 1621 qui
1084 1550 1242 1604 adaustrnm
1252 1563 1359 1622 spectat,
1366 1553 1412 1605 ubi
1421 1571 1530 1622 magnus
1539 1563 1614 1606 terre
1622 1553 1726 1608 incultae

1032 1649 1129 1692 tractus
1140 1649 1225 1710 patet,
1241 1639 1348 1692 fervidis
1360 1651 1481 1710 perustus
1496 1641 1604 1695 solibus.
1619 1699 1626 1712 Ι

975 1768 979 1777 .
1032 1728 1075 1780 Sic
1087 1729 1207 1779 Oceanus
1216 1727 1299 1779 ambit
1311 1738 1408 1779 terram
1420 1717 1568 1780 universam

1033 1815 1090 1868 talis
1098 1813 1209 1882 taliaque
1219 1811 1290 1884 apud
1299 1813 1418 1865 homines
1430 1814 1537 1868 nomina
1546 1812 1728 1866 cirumferens.

1068 1902 1146 1953 Sinus
1158 1917 1221 1951 rero
1231 1900 1284 1952 buc
1298 1900 1359 1951 illuc
1367 1903 1485 1964 eructat,
1498 1901 1582 1952 salum
1595 1900 1713 1970 injiciens
1728 1921 1739 1943 ι

1031 2059 1111 2111 maris
1122 2058 1232 2110 insulam
1243 2057 1372 2110 Basiliam
1382 2058 1463 2122 dicit,
1473 2075 1553 2127 quam
1572 2058 1614 2110 alii
1633 2055 1748 2110 Ahalam
1770 2078 1816 2111 ro·

1032 2148 1101 2192 cant.
1131 2140 1197 2203 Quae
1208 2139 1318 2207 quidem
1342 2138 1449 2189 nomina
1464 2155 1527 2204 ego,
1548 2138 1634 2190 missis
1652 2137 1817 2206 etymologiis

1031 2217 1154 2285 scythicis
1165 2217 1356 2285 teutonicisque
1365 2218 1499 2282 graecisre,
1513 2219 1547 2269 ita
1557 2226 1621 2287 puto
1632 2217 1816 2286 oetrrpcncnda

1031 2312 1100 2358 esse,
1118 2304 1148 2346 ut
1167 2290 1334 2345 Amalchium
1353 2295 1504 2357 Pboenices,
1518 2295 1597 2364 primi
1614 2294 1708 2346 harum
1729 2298 1816 2364 regio-

1031 2391 1094 2426 num
1106 2371 1412 2443 exploratores,diserint
1422 2373 1456 2425 de
1465 2372 1515 2426 deo
1527 2375 1574 2444 qui
1585 2373 1695 2435 Marlecln
1704 2375 1814 2428 Malaclr

1032 2451 1114 2518 (unde
1126 2469 1207 2519 graeca
1222 2469 1272 2503 vox
1296 2450 1408 2520 μάλχος,
1430 2453 1486 2522 res)
1509 2452 1728 2520 cognominatum·
1742 2454 1814 2507 Hinc

1030 2531 1114 2582 Gracci
1136 2529 1252 2582 fecerunt
1278 2529 1402 2584 Cronium
1424 2549 1504 2585 mare.
1527 2530 1568 2582 Ab
1592 2529 1684 2582 eodem
1707 2532 1817 2584 Malaclt

1029 2628 1112 2680 quum
1126 2611 1268 2662 maximam
1280 2610 1359 2660 tataris
1376 2609 1487 2662 insulam
1501 2609 1597 2662 dictam
1611 2627 1665 2661 esse
1676 2623 1815 2662 consenta-

1031 2707 1108 2742 ncum
1128 2691 1178 2751 sit,
1197 2687 1269 2740 vides
1281 2687 1352 2739 unde
1368 2687 1469 2740 derivet
1485 2689 1587 2741 Basilia
1600 2688 1693 2750 insula,
1708 2707 1788 2758 qnam
1801 2709 1817 2741 e

1028 2768 1129 2820 Timaeo
1136 2768 1212 2820 affert
1218 2767 1360 2821 Diodorus.
1372 2770 1491 2838 Denique
1501 2787 1582 2838 quum
1590 2769 1693 2820 Saturni
1702 2769 1815 2822 insulam

1030 2845 1173 2915 pboenicioc
1182 2846 1270 2898 dicere
1283 2846 1356 2899 lineat
1370 2857 1395 2898 et
1407 2847 1489 2900 A-Bal
1502 2847 1545 2913 (de
1557 2863 1600 2910 ης,
1616 2847 1719 2916 insula),
1734 2850 1816 2900 etiarn

1031 2927 1134 2981 Abalus
1146 2945 1243 2981 nomen
1256 2926 1456 2998 explicationem
1473 2927 1549 2981 habet
1561 2925 1671 2981 facilem.
1688 2929 1698 2995 ΙΙ
1716 2957 1754 2968 -
1769 2928 1814 2981 33.

1030 3005 1070 3056 καί
1082 3006 1157 3059 οιιιίε.
1171 3008 1210 3066 F,·
1221 3004 1295 3056 ἄλλοι
1306 3005 1332 3058 δὲ
1343 3005 1384 3057 καὶ
1396 3006 1563 3058 Florentinus
1574 3022 1659 3069 unus;
1674 3002 1705 3056 ai
1720 3026 1761 3076 μιν
1778 3027 1816 3059 νε·

1029 3087 1086 3153 κρόν
1100 3103 1141 3155 eq,·
1154 3084 1232 3135 οὕνεκ’
1248 3084 1333 3149 Qirmn
1344 3083 1407 3139 edit.
1422 3083 1513 3137 Aldin.
1528 3082 1687 3153 etStephan.
1699 3084 1812 3151 11—35.

1029 3160 1086 3233 αἰεὶ]
1100 3162 1518 3234 ᾹΒΟΗΚΛῺτιίιΙιΙορναειινιεζ
1528 3203 1535 3225 ,
1544 3160 1599 3213 duo
1611 3161 1692 3222 flor..
1704 3180 1765 3229 mgn
1780 3168 1815 3225 1’,·

1028 3242 1106 3307 πάντη
1122 3252 1182 3296 cett.
1205 3253 1231 3293 et
1245 3240 1287 3295 ed.
1312 3239 1475 3311 Bernhardy.
1494 3239 1567 3308 Quid
1585 3248 1690 3311 praestet
1706 3240 1814 3293 difficile

1028 3319 1127 3388 dictull
1136 3351 1171 3361 —
1181 3322 1224 3375 36.
1236 3322 1286 3391 ὅθι]
1297 3320 1352 3373 ὅθεν
1368 3324 1436 3383 DFt,
1450 3336 1519 3372 unus
1529 3318 1611 3382 Flor.;
1623 3316 1647 3372 ἐν
1663 3318 1731 3389 ἀνθρ.
1744 3321 1812 3392 ll'rq.

1032 3400 1042 3466 ΙΙ
1052 3428 1086 3438 -
1098 3397 1225 3467 37.’1νθ“ον
1239 3403 1305 3468 κύρια
1315 3398 1438 3465 θαλάσσης
1447 3401 1520 3468 Nep:
1532 3397 1566 3452 cf.
1579 3396 1682 3450 Ἰνδικὸν
1694 3404 1759 3468 κῦμα
1771 3402 1815 3455 02.

1028 3476 1121 3541 λύσσης
1127 3494 1169 3547 ap.
1183 3477 1302 3529 Eustath.
1313 3475 1346 3528 ad
1354 3494 1391 3531 vs.
1405 3481 1453 3541 οὓς
1466 3476 1593 3529 καλέουσιν
1606 3474 1666 3529 ’bh
1681 3480 1712 3532 F.
1724 3480 1814 3533 Verba

1028 3552 1235 3626 κα“ι’1νδ.οἷδ;ια
1255 3554 1313 3609 θαλ.
1335 3556 1410 3617 citat,
1425 3556 1504 3607 tacito
1524 3565 1646 3617 auctore,
1666 3557 1814 3626 Stephanus

1027 3634 1088 3703 uyz.
1101 3631 1216 3695 ν,’1νδός,
1227 3658 1239 3678 ι
1250 3634 1373 3685 Ceterum
1385 3635 1471 3685 Εουιιι
1483 3631 1517 3684 ab
1526 3632 1620 3686 indico
1629 3632 1768 3703 diligenter
1777 3638 1813 3689 ab

1027 3710 1083 3763 aliis
1096 3711 1249 3783 geographis
1263 3709 1375 3763 discerni
1390 3710 1493 3763 monuit
1504 3700 1614 3774 ilillius,
1629 3711 1707 3764 allato
1718 3726 1815 3783 prater

1028 3788 1196 3842 Ptolemaeum
1206 3798 1232 3840 et
1242 3786 1338 3840 Melam
1349 3787 1433 3839 Plinio
1446 3792 1472 3851 6,
1493 3792 1524 3851 ι4
1540 3804 1546 3839 :
1559 3788 1594 3840 ab
1611 3788 1708 3842 oriente
1723 3796 1812 3856 lions,

1026 3887 1045 3920 a
1068 3868 1175 3923 meridie
1196 3868 1313 3923 Indicus.
1340 3871 1507 3939 Quamquam
1530 3886 1563 3920 ne
1585 3869 1679 3921 Strabo
1702 3870 1810 3939 quidem

1027 3966 1054 4018 p.
1065 3951 1115 4005 1³0
1123 3949 1200 4001 talem
1210 3947 1385 3999 distinctionis
1393 3964 1499 4017 operam
1507 3948 1615 4001 curavit.
1628 3972 1639 3993 ι
1652 3950 1809 4020 remnants.

1031 4030 1145 4096 14-38.
1167 4028 1240 4096 ἄγχι]
1259 4027 1329 4095 νόσφι
1346 4028 1418 4096 Neq,·
1434 4044 1460 4077 τε
1475 4042 1528 4077 non
1539 4024 1638 4079 haireni
1653 4024 1706 4091 (γε
1727 4027 1753 4077 in
1771 4046 1812 4079 sc-

1027 4107 1168 4177 quentibus
1188 4124 1237 4176 qno
1257 4104 1371 4157 λίθόπιον
1385 4104 1479 4172 legitur
1497 4103 1637 4157 Λίθιθπειον
1655 4105 1682 4156 in
1698 4104 1765 4157 Ldot
1785 4118 1813 4159 et

1028 4188 1184 4253 marginec,·
1199 4184 1322 4237 λίθιύπιον
1334 4186 1385 4237 DE
1389 4187 1414 4237 K
1418 4186 1475 4236 ΝΧ
1478 4185 1524 4245 Ur,
1538 4183 1597 4239 eod.
1612 4184 1694 4245 Flora
1704 4183 1812 4247 Λῖθοπες

1027 4262 1106 4315 habcs
1113 4280 1154 4332 ap.
1166 4264 1279 4333 Oppiau.
1289 4263 1355 4330 Cyn.
1367 4264 1393 4322 4,
1403 4260 1575 4330 ι49.·1ιρτεμις
1583 4260 1686 4313 Αἰθοπία
1696 4278 1738 4331 ap.
1753 4264 1812 4315 Cal·

1026 4340 1167 4394 limachnm
1182 4343 1207 4393 in
1218 4340 1306 4411 Steph.
1319 4340 1377 4409 Byr..
1392 4358 1416 4390 ν.
1433 4338 1613 4408 λίθόπιον,41-
1628 4342 1670 4408 39,
1681 4338 1765 4392 tettae
1776 4345 1810 4409 F,

1027 4419 1086 4471 ἔνθα
1099 4438 1125 4472 τε
1139 4424 1207 4491 Geq,
1217 4418 1276 4471 ἔνθα
1289 4437 1318 4488 γε
1329 4419 1406 4480 Hali,
1423 4416 1481 4470 ἔνθα
1496 4417 1588 4479 πολλὸς
1602 4422 1636 4479 A,
1646 4436 1714 4470 otrus
1724 4418 1807 4482 flora

1027 4498 1137 4560 πολλούς
1147 4503 1184 4560 I.,·
1194 4497 1287 4565 αθλὼν]
1298 4497 1381 4567 ἀγκὼν
1393 4501 1430 4559 A,
1444 4516 1503 4564 mgo
1518 4498 1597 4577 ἴαιζρ
1608 4496 1689 4551 schol.
1702 4514 1809 4567 quoqne

1025 4588 1051 4629 et
1063 4580 1138 4633 Eust.
1149 4577 1232 4647 ἀγκὼν
1241 4577 1379 4630 lectionem
1390 4586 1548 4628 memorant.
1562 4576 1671 4649 11-le
1687 4574 1810 4631 ἐντέταται

1027 4670 1088 4722 rago
1098 4672 1134 4709 ce.
1149 4656 1160 4723 ΙΙ
1173 4684 1209 4695 -
1219 4659 1262 4717 4ι.
1274 4652 1344 4715 οὗτος
1357 4658 1390 4714 r]-
1399 4655 1556 4723 περιδίδραρε
1569 4664 1657 4705 eunus
1671 4654 1752 4715 Flora
1767 4674 1811 4709 πε·

1025 4734 1157 4804 ριθέδροιγκε
1170 4752 1197 4793 e‚·
1210 4734 1380 4804 περιθέδροραι
1394 4731 1454 4786 eod.
1467 4752 1487 4785 ε.
1502 4734 1512 4799 ΙΙ
1526 4760 1562 4773 -
1571 4736 1615 4794 4ο.
1629 4734 1729 4793 τοῖος...
1744 4737 1810 4801 τοῖα]

1028 4814 1118 4864 CAEa
1125 4853 1135 4882 ‚
1145 4828 1214 4865 unus
1229 4813 1311 4876 nor„
1328 4828 1388 4881 mgo
1401 4810 1460 4872 mle,-
1473 4812 1592 4872 τόσσος.,.
1604 4813 1661 4862 τοῖα
1670 4812 1701 4865 N
1703 4810 1775 4877 [θύας
1784 4824 1812 4865 et

1027 4908 1116 4960 margo
1135 4896 1170 4954 Y,·
1183 4895 1282 4952 τοῖος...
1298 4894 1375 4944 τόσσα
1387 4890 1438 4942 cod
1453 4908 1473 4955 ε,
1486 4908 1576 4958 margo
1590 4893 1613 4944 0
1632 4901 1659 4942 et
1671 4892 1809 4962 Paraphr.;

1025 4970 1142 5028 τόσσος...
1154 4969 1231 5020 τόσσα
1239 4970 1319 5021 ceteri
1328 4968 1431 5021 codices
1441 4979 1468 5020 et
1477 4969 1563 5032 editt.;
1577 4968 1680 5039 ὀνόμριθ
1695 4971 1758 5038 Οε.ΙΙ
1769 5000 1806 5011 -

1026 5046 1069 5107 43.
1083 5062 1140 5115 sqq.
1154 5047 1198 5100 Cf.
1210 5046 1305 5099 Stralm
1318 5064 1345 5117 p
1364 5062 1410 5098 tat
1430 5062 1436 5099 :
1454 5046 1470 5112 ἢ
1482 5047 1535 5099 καθ’
1549 5046 1614 5117 ἡμᾶς
1626 5044 1755 5117 οἰκουμένῃ
1769 5052 1804 5117 γῆ

1025 5125 1163 5195 περίρρυτος
1177 5121 1239 5178 οθσα
1257 5126 1355 5196 δέχεται
1367 5125 1474 5186 κόλπους
1487 5123 1520 5186 εἰς
1538 5120 1625 5189 ἑαυτὴν
1644 5122 1692 5177 tet
1705 5128 1747 5189 τῆς
1760 5124 1807 5186 ἔξω

1026 5204 1148 5270 θαλάττης
1162 5204 1224 5257 κατὰ
1236 5205 1279 5257 τὀν
1299 5204 1408 5278 ὠκεανὸν
1426 5204 1549 5268 πολλούς,
1565 5204 1692 5275 μεγίστους
1711 5203 1738 5255 bl
1755 5206 1808 5257 τέτ·

1027 5302 1106 5353 ταρας,
1135 5292 1196 5347 ctc.,
1229 5300 1287 5353 qna
1317 5282 1409 5336 ea'dcm
1441 5300 1559 5353 prorsus
1572 5284 1674 5335 ratione
1700 5285 1808 5353 exponit
