3884 5925
278 479 284 487 ·
414 442 699 532 Puoemeffla
718 445 770 519 ba
790 442 1063 517 thalisaridis
1085 446 1371 511 materteris.
1632 450 1689 515 air

115 578 249 639 suadente
270 576 302 637 id
321 581 491 657 optaverat,
506 575 780 639 reverendissimus
800 592 870 637 mo-
912 592 985 637 curn
994 576 1210 641 tractatumibi
1224 578 1327 639 inesse
1336 576 1476 639 nescirit.
1487 580 1553 657 Ego
1561 596 1633 641 rcro
1643 580 1684 641 de

117 665 229 727 nmtcrii
244 664 360 737 hbbas,
377 683 449 726 cum
471 667 531 725 RB.
549 664 772 725 monachorum
794 680 869 723 con·
911 662 971 725 hoc
996 666 1163 744 opusculo,
1178 672 1213 727 ut
1227 664 1307 739 dixi,
1323 664 1477 727 meditans
1497 668 1636 746 comperi
1649 667 1683 728 id

119 752 179 812 silio
209 756 345 813 accurate
377 750 488 813 conlici
512 756 605 828 atque
628 748 667 810 ad
691 740 868 915 quipanopr
912 750 956 820 ab
973 751 1090 822 tacoho
1110 751 1298 813 Gothoiredo
1312 770 1393 813 anno
1414 753 1612 813 hmxxvttt
1626 756 1686 815 (ic-

120 838 320 899 hibliothecam
332 835 542 898 mitticurauit.
552 839 606 897 Est
615 843 718 897 aumm
750 835 868 897 rectori
913 852 998 895 neure
1024 834 1137 914 partim
1168 834 1287 898 editum
1316 854 1417 913 graece
1440 841 1472 897 et
1494 836 1603 908 latine;
1628 838 1685 899 sad

121 918 270 1002 apographi
294 927 402 982 auctor
424 920 697 983 reverendissimus
726 921 870 982 dominus
913 920 1015 999 primo
1050 922 1251 1001 acephalum,
1274 922 1347 1002 quia
1374 921 1480 985 deerat
1512 924 1542 983 ei
1578 922 1687 987 titulus

121 1010 152 1071 P.
165 1008 299 1087 Egnatius
320 1008 462 1085 liubans,
478 1008 619 1078 Curensis
641 1008 871 1087 arehli'prmacs
914 1008 1017 1088 opens
1029 1008 1687 1090 atrocioris,parsqueeiiamipsiusoperis

122 1094 333 1174 etapostolicus
349 1095 592 1174 protonotarius,
606 1096 694 1172 cujus
715 1094 869 1167 laborem,
914 1095 1063 1176 usquead
1078 1094 1183 1157 locum
1194 1095 1248 1175 qui
1259 1095 1378 1156 anobis
1392 1095 1470 1157 inira
1481 1094 1684 1168 indicabitur;

123 1182 311 1255 sedulitatem,
355 1178 530 1243 diuturnam
570 1180 749 1261 patientiam
790 1182 872 1259 peri·
915 1182 1027 1243 deinde
1042 1182 1154 1243 latinus
1168 1187 1269 1243 textus
1283 1188 1561 1259 prorsusanostro
1581 1181 1688 1244 lauda-

124 1270 241 1347 tiarnquc
265 1285 419 1329 summam
442 1266 588 1329 admirari
612 1285 704 1328 nemo
727 1266 799 1327 satis
820 1282 873 1345 po·
912 1266 970 1329 bili
986 1266 1123 1331 diversus
1136 1266 1687 1348 apudGothoiredumest,bnrharus

123 1353 197 1419 terit:
208 1353 311 1414 merita
323 1370 396 1413 vero
417 1354 484 1431 ejus
507 1371 580 1431 erga
593 1352 770 1415 Vaticanum
793 1350 875 1414 Pon·
916 1356 1049 1433 scilicet,
1058 1353 1210 1435 pessimus
1218 1398 1229 1429 ,
1243 1352 1403 1427 deiormis,
1416 1352 1550 1432 ineptus,
1563 1354 1689 1415 inextri-

122 1440 201 1502 tiiicis
211 1439 331 1501 maximi
348 1439 567 1501 bibliothecam
579 1438 793 1500 immortaliter
805 1457 874 1499 ma·
915 1440 1039 1515 cubilis,
1057 1441 1096 1503 ab
1119 1440 1246 1502 homine
1261 1456 1375 1520 nempe
1391 1437 1547 1518 proiectus
1567 1438 1637 1517 qui,
1652 1446 1688 1500 ut

120 1544 185 1589 nere
203 1540 325 1589 necesse
346 1531 401 1587 est.
417 1528 530 1587 lterum
545 1544 602 1605 ego
616 1524 774 1606 superiore
793 1540 874 1587 anno
917 1522 960 1591 ait
983 1528 1205 1601 Gothoiredus,
1221 1544 1323 1607 neque
1347 1543 1446 1605 graece
1472 1543 1572 1605 neque
1594 1526 1688 1587 latine

118 1616 308 1678 dcccclxx
343 1615 382 1676 ad
417 1616 548 1677 Careose
577 1611 798 1675 monasterium
829 1628 876 1672 re·
918 1614 1044 1677 sciebat.
1061 1614 1207 1677 cndieeor
1224 1610 1449 1693 corruptissimi
1462 1610 1688 1693 operishabnit

118 1722 232 1774 rasus,
258 1708 291 1764 ut
318 1698 425 1764 biblici
455 1701 622 1783 apographi
649 1698 874 1761 coniectionem
918 1702 994 1765 olim
1007 1703 1040 1763 in
1052 1700 1148 1765 Gallia
1161 1703 1195 1763 F.
1210 1702 1352 1776 loretus,
1367 1698 1457 1777 cujus
1473 1698 1686 1777 apographum

118 1808 181 1871 qna
195 1792 258 1867 jam
274 1789 314 1850 ad
330 1789 444 1850 exitum
467 1789 611 1868 uergebat
628 1786 831 1867 inspicerem,
846 1784 875 1847 ri
918 1788 957 1851 ad
977 1788 1160 1854 Salmasium
1174 1787 1307 1859 transiit,
1325 1786 1380 1866 qui
1395 1786 1462 1863 ejus
1481 1783 1531 1847 bia
1547 1784 1690 1845 meminit

117 1878 219 1959 pluviae
234 1876 367 1935 maxima
382 1874 498 1936 ibidem
521 1871 620 1937 solida
643 1872 694 1935 die
710 1871 876 1934 subsistere
918 1877 950 1939 in
960 1876 1041 1937 notis
1053 1872 1092 1936 ed
1099 1873 1240 1936 Solinum
1248 1891 1279 1952 p.
1291 1874 1350 1934 986
1362 1880 1394 1934 et
1404 1874 1492 1933 1299.
1504 1874 1528 1931 Α
1538 1868 1692 1932 salmasio

116 1972 232 2025 coactus
254 1980 323 2023 sum
341 1983 347 2023 :
364 1969 455 2042 nique
476 1962 598 2023 interim
620 1978 660 2023 ne
676 1960 708 2023 in
729 1966 792 2022 tam
813 1962 877 2021 iru-
919 1963 1039 2045 accepit
1059 1959 1264 2027 Gothoiredus
1288 1959 1399 2033 editor,
1416 1958 1471 2038 qui
1495 1956 1534 2019 de
1555 1958 1691 2021 auctoris

116 2059 216 2113 ctuoso
236 2050 307 2111 leco
335 2066 504 2124 cessarem,
527 2049 645 2129 inspexi
673 2066 738 2127 prae
764 2046 875 2108 ceteris
920 2048 1045 2110 nomine
1067 2047 1179 2109 frustra
1200 2043 1392 2127 disquisivit;
1412 2060 1494 2105 nunc
1515 2052 1619 2105 autem
1639 2046 1690 2107 lu·

118 2138 249 2200 codicem
288 2135 474 2217 quemdam,
507 2136 619 2199 litteris
650 2133 877 2215 longobardicis
919 2150 1029 2197 oroma
1042 2149 1242 2196 rnrrosoramr
1255 2131 1411 2215 appellare
1425 2136 1523 2192 semct
1535 2130 1637 2211 ipsum
1649 2130 1692 2192 ri·

116 2225 203 2305 paulo
220 2226 289 2303 post
308 2240 379 2284 saec.
393 2222 420 2283 X
434 2230 606 2295 exaratum,
623 2223 676 2302 qoi
700 2218 878 2283 inscribitur
920 2220 1134 2300 demus,quia
1149 2219 1296 2282 nimirum
1308 2217 1435 2299 respicit
1448 2217 1487 2279 ad
1502 2217 1692 2299 antiquiores

114 2312 196 2370 diedo
226 2308 263 2369 de
299 2310 490 2386 temporibus,
522 2310 717 2388 continetque
753 2310 878 2388 insuper
920 2306 1167 2369 asenominatos
1180 2304 1382 2387 philosophos
1392 2306 1541 2365 berosum
1554 2310 1585 2365 et
1599 2306 1693 2383 lipol-

113 2397 259 2477 proliram
282 2396 396 2455 seriem
420 2396 667 2457 testimoniorum
690 2412 728 2457 er
750 2392 877 2455 dirersis
921 2392 1050 2456 lonium.
1067 2395 1209 2455 Ceterum
1231 2398 1315 2455 recte
1339 2390 1556 2451 demonstrauit
1578 2392 1692 2458 Gotho·

114 2482 248 2561 patribus
264 2482 378 2561 partim
401 2468 748 2554 sortasse'ineditorum3
765 2481 797 2542 ia
811 2481 878 2559 ejus
921 2480 1147 2543 iredosuixisse
1159 2479 1245 2539 hunc
1257 2485 1414 2539 auctorem
1432 2477 1489 2538 sub
1506 2476 1692 2557 imperatore

114 2578 214 2629 autem
231 2569 316 2629 calce
340 2571 505 2629 tractatum
517 2568 683 2648 quemdam
700 2568 880 2647 geographi-
922 2565 1098 2632 Constantio
1122 2566 1311 2630 Constantini
1332 2564 1433 2641 Magni
1455 2562 1536 2637 tilio,
1554 2562 1585 2623 id
1607 2562 1693 2644 quod

112 2672 184 2714 com
204 2654 419 2726 observabam,
437 2656 523 2732 cujus
546 2662 593 2715 est
611 2653 717 2715 titulus
741 2674 749 2715 :
771 2656 879 2714 incorr
922 2674 979 2718 nos
992 2672 1115 2739 quoque
1130 2655 1193 2715 suis
1208 2658 1278 2733 apte
1292 2649 1368 2713 locis
1383 2648 1484 2732 palam
1498 2648 1658 2709 iaciemus.
1673 2670 1689 2705 a

112 2754 195 2813 unm
215 2742 351 2801 lusionis
370 2754 551 2812 rormsornr,
568 2756 599 2799 ra
622 2754 677 2807 ooo
700 2754 880 2799 coemamus
923 2744 995 2807 Haec
1014 2744 1120 2804 Marus.

108 2839 209 2889 horrus
235 2838 318 2888 errans
350 2842 524 2887 oascnmrro.
549 2828 644 2887 Porro
674 2824 704 2886 id
731 2825 879 2904 scripturn
961 2830 1100 2891 Alterum
1112 2826 1252 2906 ejusdem
1263 2820 1523 2906 interpretationis
1535 2821 1697 2899 exemplar

103 2916 182 2996 quia
206 2915 300 2978 berum
330 2914 427 2992 irugis
453 2914 580 2975 minime
608 2930 717 2993 expers
745 2912 880 2993 satisque
924 2916 1112 2980 bibliothece
1132 2911 1314 2976 Parisiensis
1332 2910 1426 2974 habet
1445 2908 1476 2970 in
1495 2906 1696 2970 codicariae

101 3003 272 3082 antiquum
286 3007 319 3061 et
334 3017 461 3060 romano
476 3001 576 3061 adhuc
591 3007 688 3062 stante
702 3000 784 3079 apud
797 2999 882 3060 occi·
926 3003 990 3084 [iol.
1006 3005 1063 3066 ibt
1075 3001 1169 3085 sqq),
1180 2998 1233 3083 qui
1244 2999 1368 3060 Curensi
1382 2997 1461 3058 libro
1472 3003 1518 3056 est
1534 2994 1692 3072 integrior,

99 3089 247 3152 dentales
267 3087 403 3168 imperio
416 3089 621 3165 compositum
635 3087 791 3162 ridebam,
809 3104 882 3167 pro·
924 3089 1002 3152 adeo
1016 3097 1050 3151 ut
1064 3089 1203 3161 lacunas,
1217 3085 1329 3167 quihus
1345 3083 1397 3146 ille
1422 3081 1536 3162 passim
1560 3080 1693 3154 laborat,

98 3176 191 3236 tinus
206 3173 499 3235 adexsoribendum
514 3173 881 3253 incubui,tamimpense
925 3175 1069 3258 supplere
1097 3175 1170 3236 hinc
1200 3171 1331 3234 licuerit.
1355 3171 1496 3231 Ceterum
1529 3167 1697 3230 discrimen

99 3262 182 3322 mihi
205 3263 344 3330 favente,
361 3277 455 3338 quem
476 3261 541 3336 jflm
563 3261 689 3321 honoris
709 3277 802 3320 0811811
829 3278 883 3339 tip-
926 3265 1010 3348 quod
1034 3266 1114 3329 inter
1133 3262 1270 3327 iunioris
1283 3264 1314 3323 et
1333 3259 1487 3340 Anonymi
1510 3257 1630 3319 libellos
1650 3257 1698 3318 in·

98 3345 237 3427 peltari,
253 3345 354 3408 archii
368 3345 514 3424 preside,
525 3352 559 3407 ul
574 3345 714 3421 codicem
729 3346 768 3406 ad
780 3345 883 3425 hospi·
925 3351 1070 3424 tercedit,
1083 3347 1229 3412 nonsatis
1247 3343 1346 3408 blaius
1360 3342 1552 3426 perspexisse
1565 3340 1696 3402 videtur.

98 3436 165 3498 talc
181 3451 297 3496 meum
315 3432 494 3496 cubiculum
510 3433 689 3494 festinandae
709 3433 883 3514 scriptionis
925 3435 1078 3497 Videlicet
1098 3433 1248 3513 Anonymi
1270 3430 1371 3494 versio
1395 3427 1552 3490 horridior
1570 3427 1696 3509 quidem

97 3538 200 3582 caum
214 3519 334 3582 deierri
355 3520 485 3581 voluerit
502 3520 606 3599 :qrrod
620 3535 678 3598 ego
698 3519 883 3582 beneficium
929 3529 959 3584 et
973 3522 1144 3584 scribarum
1160 3518 1344 3598 negligentia
1358 3512 1457 3596 magis
1476 3517 1638 3596 depravata
1652 3527 1697 3576 est

98 3605 190 3668 haud
205 3604 357 3686 equidem
368 3605 496 3666 minoris
506 3605 566 3667 ieci
578 3622 671 3684 quarn
685 3604 783 3666 hilare
796 3624 885 3685 pran-
927 3627 1021 3692 quam
1034 3607 1088 3671 illa
1099 3606 1247 3679 Junioris,
1264 3605 1363 3665 multo
1378 3602 1504 3681 maioris
1526 3608 1629 3663 tamen
1651 3600 1695 3661 ia·

99 3694 195 3754 dium
219 3707 409 3769 coenamque
431 3691 594 3772 etreliqua
614 3691 766 3752 comitatis
784 3691 884 3753 cilicia
930 3692 1040 3754 cienda
1059 3700 1105 3753 est
1119 3710 1156 3753 eo
1171 3690 1311 3763 nomine,
1326 3687 1408 3771 quod
1422 3694 1580 3748 auctorem
1594 3685 1698 3765 prodit

102 3780 143 3839 ab
168 3777 235 3838 illis
260 3777 324 3838 th.
350 3777 509 3840 monachis
523 3776 610 3840 -mihi
641 3785 714 3840 tunc
745 3778 883 3840 certatim
928 3779 981 3860 qui
1003 3779 1094 3858 graeci
1109 3776 1260 3858 exempti,
1277 3776 1309 3836 in
1326 3771 1450 3835 brevius
1474 3771 1603 3840 fortasse
1624 3787 1693 3832 coo

106 3863 261 3926 exhibita.
928 3865 1028 3938 tracti,
1044 3871 1182 3927 tenorem
1198 3863 1329 3925 reddere
1345 3858 1489 3942 pr'ouirili
1502 3859 1630 3921 annixus
1646 3854 1695 3920 sit.

149 3953 253 4013 «iam
268 3965 344 4011 uero
365 3947 404 4009 de
427 3949 488 4010 hoo
509 3949 715 4030 geographico
735 3950 886 4030 opusculo
929 3951 1004 4012 dum
1025 3952 1114 4012 aliter
1129 3969 1179 4013 res
1196 3949 1229 4011 in
1247 3949 1374 4014 iuniore
1393 3967 1426 4009 se
1446 3945 1548 4008 habet.
1568 3949 1595 4006 ls
1616 3945 1699 4006 enin.

108 4053 207 4116 quum
225 4042 339 4113 postea
353 4037 458 4095 llomae
472 4035 656 4112 meditarer,
671 4036 798 4114 cognovi
817 4035 846 4096 id
869 4054 887 4097 a
929 4057 1026 4122 quom
1037 4055 1249 4118 sepenumero
1258 4035 1352 4097 verbo
1362 4041 1451 4095 mous
1462 4048 1533 4093 cnm
1540 4032 1701 4109 hoonpmo

108 4122 295 4184 diabillonio
307 4121 384 4182 olim
397 4121 428 4182 in
442 4121 566 4182 Cavensi
577 4121 884 4198 bibliothecauisum,
930 4127 1044 4187 mirum
1056 4126 1087 4186 in
1096 4123 1223 4185 modum
1233 4120 1416 4193 consentiat,
1426 4119 1608 4198 scriptorem
1621 4134 1701 4196 grae-

111 4205 885 4289 scdunicouerboappellatumop.eit.pttsssic:
930 4201 1701 4280 cnmohoculosiortassisomninononhrbnit,sed

115 4295 150 4354 lau
158 4295 340 4354 bibliotheca
352 4296 479 4354 Cocani
494 4299 584 4371 porci
593 4303 749 4372 supersunt
758 4297 884 4369 codices,
929 4297 1101 4378 antiquiore
1113 4297 1252 4358 versione
1263 4295 1436 4358 latinausus
1447 4298 1493 4354 est
1500 4338 1508 4369 ,
1520 4307 1614 4372 quam
1627 4310 1703 4351 coo-

112 4381 252 4442 ortanae
265 4381 304 4438 dc
317 4384 451 4440 trinitate
461 4385 489 4439 et
499 4381 675 4460 dasypodes,
685 4383 758 4442 liber
767 4381 806 4440 de
818 4399 887 4458 gao-
931 4379 1007 4442 siliis
1021 4380 1084 4441 suia
1098 4396 1135 4440 co
1148 4377 1406 4454 accommodavit,
1415 4375 1498 4460 quod
1508 4393 1702 4456 quaecunque

115 4467 244 4545 graphio
262 4469 382 4542 amiqua·
402 4471 544 4540 aecimis,
561 4471 628 4526 vitae
643 4473 762 4545 potrum
778 4467 887 4528 Cocco·
930 4457 973 4527 ad
985 4483 1173 4546 paganorum
1188 4466 1306 4526 cultum
1321 4471 1352 4526 et
1371 4462 1552 4542 religionem
1570 4459 1700 4540 pertine

116 4557 190 4613 amar
206 4559 267 4614 ctc.
289 4553 397 4630 Neque
418 4551 506 4631 plura
526 4551 569 4613 ait
591 4555 729 4614 Ronanus
751 4571 801 4632 op.
832 4553 884 4618 cit.
931 4560 1017 4624 rent,
1038 4569 1074 4613 ea
1091 4551 1275 4613 christianus
1297 4549 1479 4630 scriptorii)
1502 4546 1609 4609 omisit
1627 4543 1703 4625 leg

111 4657 147 4717 p.
161 4641 239 4700 lito:
259 4639 326 4698 «lae
338 4636 413 4698 liure
429 4636 468 4698 de
480 4636 809 4718 Bedadctemporihos,
821 4639 877 4700 des
931 4635 980 4693 30.
1002 4633 1051 4692 ³2.
1072 4635 1120 4692 34.
1137 4633 1185 4691 35.
1201 4635 1249 4691 36.
1265 4632 1314 4691 48.
1336 4632 1385 4691 59.
1409 4631 1471 4703 55),
1490 4643 1582 4705 P01'l0
1608 4625 1702 4684 missa

117 4725 239 4786 oenus
249 4723 383 4786 deserui
394 4725 433 4784 ca
443 4725 676 4802 etymoloprode
686 4725 839 4786 saddoc
850 4725 888 4786 de
930 4717 1006 4777 item
1017 4715 1092 4777 feeit
1103 4716 1130 4776 si
1142 4731 1214 4796 quaa
1228 4715 1261 4775 in
1276 4733 1364 4776 mam
1380 4714 1478 4793 ipsius
1488 4708 1701 4774 adomnane

118 4809 323 4889 Se'uille,etde
332 4809 487 4889 plusieurs
497 4818 599 4872 autres
606 4829 753 4890 ouvrages
764 4829 888 4892 compo-
931 4802 1065 4882 amptius
1079 4801 1228 4863 caderent
1239 4802 1284 4876 lut
1297 4817 1368 4880 anc
1383 4799 1415 4860 in
1430 4803 1451 4860 Α
1469 4799 1488 4880 ᾗ
1503 4800 1541 4860 32
1559 4797 1704 4876 teguntur

120 4906 225 4958 santce
233 4896 363 4968 recueil,
374 4897 573 4975 quatermine
582 4899 711 4958 lenioris
721 4899 889 4976 philosophi
933 4889 971 4950 dc
996 4887 1159 4950 Antiochia
1185 4887 1379 4966 imperatoris
1405 4885 1496 4963 sede,
1512 4890 1544 4946 et
1566 4883 1643 4964 §te
1664 4880 1703 4942 de

119 4989 205 5048 latios
214 4987 294 5046 orbis
303 4985 475 5062 descriptio.
487 5005 504 5040 n
514 4985 651 5064 Denmue
662 4982 848 5046 biuratorius
856 4985 888 5044 S.

120 5075 152 5134 a.
164 5073 185 5134 l.
197 5080 271 5134 tom.
283 5073 348 5143 Vll,
355 5089 392 5169 p.
404 5073 465 5131 915
477 5089 516 5168 ex
530 5070 640 5131 eodem
652 5069 759 5132 codice
770 5069 891 5130 chroni-
965 5101 999 5166 (q
1017 5100 1164 5153 simum
1180 5101 1288 5166 „me
1304 5098 1423 5164 reaqet
1437 5092 1553 5149 secanda
1565 5091 1705 5144 armamus

118 5160 314 5222 condacense
329 5155 514 5233 divulgarat,
531 5155 585 5217 sed
597 5163 699 5218 tamen
710 5155 891 5240 geographi·
933 5171 990 5236 agir.
