3884 5925
698 454 750 515 ttx
773 454 986 517 stuauottls
1011 458 1083 519 LlB.
1106 459 1157 521 lV.
1228 452 1231 455 ¹
1670 472 1727 524 tta

170 608 193 647 t.
206 585 271 649 Ὅτι
290 590 307 658 ἠ
329 584 490 657 Μασσαλία,
511 583 585 650 πόλις
601 583 761 656 Ἑλληνικὴ,
785 590 906 645 τοσοῦτον
987 594 1013 641 6.
1032 590 1153 655 Massilia,
1169 590 1230 643 urbs
1241 592 1341 654 Graeca,
1360 600 1431 643 tanta
1455 590 1503 646 luit
1521 596 1690 663 temperantia
1703 606 1730 649 at

130 668 163 747 ἦν
179 675 289 755 σώφρων
313 674 358 732 καί
373 672 485 752 μετρία,
506 668 573 730 ὥστε
594 672 640 729 καί
651 671 728 748 νόμον
751 662 833 751 εἶχεν,
858 674 906 744 τὴν
952 675 1146 742 moderatione,
1167 688 1196 731 ut
1215 678 1431 747 legemlrabcret,
1447 678 1541 733 aedos
1558 682 1670 735 maxima
1682 700 1728 735 au·

131 763 256 841 μεγίστην
270 768 366 840 προῖκα
378 758 492 842 χρυσίων
504 750 569 817 εἶναι
586 758 619 838 ρ’,
632 758 679 830 τὴν
693 760 720 817 δὲ
735 762 832 831 ὶσθῆτα
842 784 906 840 χρυξ
951 776 1143 829 renuentum,
1168 767 1275 819 vestitus
1294 766 1411 837 quinque
1425 766 1575 833 excederet,
1597 768 1728 823 etmulie-

131 850 192 907 σίων
202 850 222 907 ε’
234 848 280 907 καλ
295 848 337 907 τδν
352 852 403 907 τῶν
419 849 549 924 γυναικῶν
564 844 662 923 κόσμον
682 847 777 923 ὁμοίαις
793 850 906 927 χρυσίων
951 868 1011 903 rum
1026 863 1133 905 ornatus
1148 864 1178 906 ut
1192 853 1301 914 totidem
1314 865 1380 907 esset
1402 870 1542 907 aureorum
1577 858 1608 909 lu
1623 856 1728 911 dicendi

130 934 161 998 ε’.
203 938 333 995 Τοσοῦτον
347 934 373 993 δέ
386 938 443 1004 τοὺς
454 935 545 1013 λόγους
558 933 602 991 καλ
617 932 664 1005 τὴν
674 935 824 1014 φιλοσοφίαν
840 936 907 1014 ἔργῳ
952 954 1014 989 vcro
1026 938 1152 993 studione
1163 940 1335 1011 philosophia
1349 957 1381 993 eo
1393 957 1476 1010 usque
1487 954 1661 995 exercuerunt
1673 962 1729 997 sese

129 1022 293 1101 έξτίσκησαν,
319 1021 386 1081 ῶστε
407 1022 466 1088 τοὺς
491 1020 647 1101 φιλομαθείφ
674 1022 813 1099 ἐχομένους
837 1021 906 1080 Ῥω·

131 1111 221 1187 μείους
235 1108 272 1187 μὴ
289 1112 323 1176 είς
342 1110 468 1186 Ἀθήνας,
483 1109 541 1166 ἀλλ’
554 1111 589 1174 εἰς
609 1106 769 1169 Μασσαλίαν
783 1109 907 1186 πορεύεσ-

130 1204 181 1257 θαι.
196 1195 276 1257 Ἔστι
289 1196 316 1256 δὲ
326 1200 343 1269 ἡ
353 1196 427 1265 πόλις
438 1194 574 1259 Φωκαέων
589 1196 707 1257 ιίποικία.

170 1304 193 1345 7.
222 1281 288 1345 “Ort
313 1282 411 1363 μεταξὺ
439 1284 584 1363 Νάρόωνος
605 1283 651 1341 καί
673 1288 719 1343 τοῦ
746 1284 907 1365 Ἀφροδισίου

131 1372 210 1453 όκρσυ
227 1373 257 1431 ἐκ
271 1376 317 1443 τῆς
331 1372 456 1451 Πυρήνης
475 1374 515 1451 pst
534 1369 653 1446 ποταμὸς
666 1374 681 1429 θ
695 1370 863 1431 Ῥουσκίνων·
877 1364 908 1431 οῦ

129 1457 239 1531 πλησίω
253 1455 333 1535 λίμνη
346 1458 392 1517 καί
406 1457 502 1536 χωρίον
525 1455 652 1536 θφυδρον,
668 1456 760 1534 μικρὸν
779 1458 844 1537 ὑπὲρ
861 1464 907 1517 θα·

129 1545 241 1618 λάττης,
254 1544 383 1604 ίιλυκίδων
397 1546 508 1620 μεστὸν,
527 1543 560 1603 τὸ
578 1542 772 1623 τοῦςόρυκτόυς
792 1550 908 1625 κεστρεῖς

129 1631 201 1708 ἔχον.
243 1631 297 1691 Δύο
318 1630 401 1708 γδρῆ
420 1632 488 1707 τρεῖς
505 1629 625 1707 θρύξαντι
646 1630 728 1695 πόδας
746 1631 791 1689 καλ
805 1632 908 1689 καθίντι

128 1717 246 1794 τρίαιναν
255 1718 295 1785 ,είς
305 1715 374 1795 θλωρ
389 1719 510 1786 ἰλυῶδες,
525 1716 580 1773 ίστι
596 1724 745 1795 περιπεῖραι
759 1717 803 1775 τὸν
820 1717 906 1795 ἰχθὺν,

130 1802 261 1881 ἀξιόλογον
284 1802 313 1861 τὸ
332 1803 448 1881 μέγεθος.
504 1804 635 1882 Τρέφεται
656 1804 679 1861 δ’
696 1803 747 1863 ὑπὸ
762 1808 808 1874 τῆς
820 1804 906 1883 tilae,

129 1890 248 1967 καθάπερ
260 1891 287 1947 αί
300 1890 430 1967 ἐγχέλυες.

168 1999 192 2038 a.
213 1976 278 2036 Ὀτι
291 1974 389 2054 μεταξὺ
402 1976 561 2043 Μασσαλίας
569 1976 615 2035 καλ
627 1980 678 2036 τῶν
691 1975 821 2037 Ῥοδανοῦ
834 1978 907 2037 lado·

129 2065 182 2123 λῶν
200 2071 319 2140 ποταμοῦ
337 2067 392 2122 ἐστι
407 2063 494 2123 πεδίον
509 2063 594 2144 διέχον
607 2068 653 2134 τῆς
667 2064 800 2137 θαλάσσης
814 2067 907 2125 στάδια

130 2152 161 2229 ρ”
171 2157 292 2209 τοσοῦτον
306 2150 390 2210 δὲκαὶ
404 2152 433 2208 τὸ
443 2150 593 2229 διάμετρον,
606 2150 758 2229 κυκλοτερές
766 2151 795 2210 εδ
804 2156 906 2230 σμῆμα·

128 2245 246 2302 καλεῖται
270 2241 297 2300 δὲ
316 2244 420 2310 λιθῶδες
441 2244 494 2302 ἀπὸ
516 2251 560 2302 τοῦ
578 2242 784 2319 συμόεόηκότος·
811 2243 906 2319 μεστὸν

131 2330 182 2408 γάρ
194 2330 250 2389 ἔστι
267 2330 345 2389 λίθων
364 2334 555 2411 χειροπληθῶν,
576 2335 773 2408 θποπεφυκυῖαν
793 2329 906 2409 ἐχόντων

130 2418 217 2483 αὐτοῖς
232 2416 379 2496 ἄγρωστιν,
402 2417 445 2497 ἀφ’
464 2410 495 2491 ἧς
513 2420 617 2499 ἄφθονοι
640 2416 719 2496 νομαί
741 2417 907 2497 βοσκήμασίν

130 2504 206 2563 εἰσιν·
224 2506 250 2562 ἐν
263 2505 335 2583 με’σῳ
347 2502 370 2560 δ’
384 2503 468 2564 ὕδατα
487 2506 534 2565 καί
548 2503 667 2569 ἅλυκίδες
680 2503 844 2562 συνίστανται
861 2504 907 2562 καί

131 2588 200 2657 ἅλις.
251 2591 427 2669 Ἀριστοτέλης
439 2591 486 2667 μὲν
504 2583 548 2651 οῦν
561 2614 640 2671 φησιν
653 2592 703 2649 ὑπὸ
714 2595 841 2666 σεισμῶν,
854 2594 905 2647 τῶν

130 2676 297 2753 καλουμένων
312 2682 449 2755 βραστῶν,
466 2681 624 2746 ἐκπεσόντας
635 2678 696 2745 τοὺς
710 2677 794 2745 λίθους
810 2680 846 2744 είς
858 2679 906 2750 τὴν

130 2764 292 2841 ἐπιφάνειαν,
318 2769 474 2823 συνολισθεῑν
499 2769 536 2831 είς
558 2766 592 2824 sla
614 2768 690 2823 troila
713 2769 765 2824 τῶν
789 2766 904 2843 χοιρίων.

130 2852 303 2918 Ποσειδώνιος
322 2852 349 2912 il
361 2852 458 2929 λίμνην
477 2843 557 2912 οῦσαν
581 2857 699 2930 παγῆναι
713 2852 779 2928 μετὰ
793 2856 906 2911 κλυδασ·

130 2942 196 3015 μοῦ,
207 2941 251 2998 καί
267 2940 309 2998 διδ
328 2946 403 3000 τοῦτο
416 2942 452 3007 είς
465 2940 574 3007 πλείους·
583 2944 736 3022 μερισθῆναι
748 2940 841 3016 λίθους,
857 2965 907 3000 κα·

129 3026 212 3104 θάπερ
226 3024 285 3091 τοῦς
306 3027 449 3104 ποταμίους
467 3029 604 3106 κάχληκας
623 3027 669 3087 καί
683 3027 729 3096 τὰς
743 3028 844 3110 ψήφους
860 3030 907 3097 τίς

129 3112 310 3190 αίγιαλίτιδας.
328 3115 380 3173 Καὶ
396 3115 464 3172 ἔστιν
483 3116 603 3193 έκιίτερος
616 3117 668 3172 τῶν
683 3116 768 3191 λόγοιν
787 3117 903 3181 πιθανός·

129 3200 230 3277 ανάγκη
253 3200 303 3278 γὰρ
325 3200 384 3267 τοῦς
408 3201 491 3268 οὕτως
511 3207 673 3268 συνεστῶτας
687 3203 772 3269 λίθους
787 3202 831 3274 (οὐ
845 3207 905 3261 καθ’

83 3291 91 3302 ’
128 3287 249 3364 αὖτοὺς)
264 3289 280 3357 ἢ
293 3288 319 3355 ἐξ
332 3293 411 3366 θγροῦ
424 3289 555 3366 παγέντας
570 3289 729 3365 μεταῦαλεῖν
737 3333 745 3360 ,
757 3287 798 3368 [ἢ]
815 3294 844 3347 ἐκ
858 3313 904 3348 πε-

128 3379 196 3452 τρῶν
220 3378 341 3452 μεγάλων
365 3377 488 3456 ῥήγματα
510 3381 606 3454 συνεχῆ
634 3377 769 3435 λαόουσῶν
792 3380 906 3456 ἀποκρι-

128 3466 213 3531 θῆναι.

168 3567 191 3608 a.
212 3545 277 3607 Ὅτι
298 3551 322 3606 σί
346 3549 446 3615 Σάλυες
460 3552 559 3608 οίκοῦσι
575 3547 670 3625 petalis
685 3547 811 3607 Ῥοδανοῦ
825 3567 904 3605 ποτα·

130 3641 180 3710 μὀῦ
193 3635 237 3693 καλ
253 3637 380 3713 Δρυεντία
394 3641 514 3712 ποταμοῦ
529 3636 571 3693 ἐπί
586 3637 678 3692 στάδια
696 3632 865 3695 πεντακόσια.

170 3745 204 3787 ιο.
226 3723 290 3785 Ὀτι
303 3731 327 3784 οί
336 3725 447 3798 πλησίον
463 3725 655 3793 Καππαδοκίας
666 3725 785 3784 Γαλάται
797 3727 904 3784 Κελτῶν

128 3814 192 3872 εἰσιν
207 3812 321 3874 ιίποικοι.

951 1032 982 1074 ut
992 1024 1038 1095 qui
1052 1026 1162 1077 Romani
1175 1024 1371 1098 disciplinarum
1385 1042 1474 1080 amore
1490 1037 1651 1092 tenerentur,
1670 1048 1723 1081 uon

952 1107 1064 1161 Athenas
1076 1109 1121 1161 sed
1142 1112 1281 1163 Massiliam
1295 1098 1532 1181 proficisceredtur.
1584 1114 1646 1166 llaec
1666 1115 1730 1168 urbs

952 1194 1148 1249 Phocaeensium
1160 1208 1198 1249 est
1211 1197 1321 1251 oolouia.

988 1310 1014 1361 7.
1033 1295 1105 1346 Inter
1114 1294 1263 1347 Narbonem
1276 1304 1302 1347 et
1315 1292 1503 1365 Aphrodisium
1518 1295 1730 1365 promontorium

951 1388 1076 1456 ePyreae
1089 1388 1223 1441 libuscino
1233 1387 1328 1442 lluvius
1340 1389 1407 1451 exit,
1418 1386 1492 1455 juxta
1507 1405 1585 1457 quem
1600 1389 1670 1441 lacus
1680 1400 1728 1453 est,

951 1490 977 1532 et
991 1499 1053 1549 ager
1065 1482 1156 1535 subtus
1168 1498 1296 1552 aquosus,
1310 1481 1447 1555 paululunl
1457 1499 1535 1553 supra
1547 1502 1628 1547 mare,
1644 1483 1731 1537 salinis

952 1574 1062 1628 refertus
1074 1587 1099 1628 et
1110 1575 1207 1630 fossiles
1221 1576 1318 1631 babens
1334 1577 1455 1644 mugilem
1466 1594 1524 1631 nam
1535 1578 1578 1637 ubi
1595 1580 1652 1647 quis
1664 1576 1730 1631 duos

952 1684 998 1725 aut
1009 1684 1059 1725 tres
1074 1672 1170 1727 foderit
1183 1675 1271 1745 pedes,
1286 1686 1311 1727 et
1319 1676 1345 1726 iu
1354 1676 1471 1729 limosam
1483 1695 1578 1747 aquam
1594 1678 1730 1731 immiserit

952 1773 1095 1838 fuscinam,
1119 1776 1216 1845 piscem
1238 1774 1410 1829 liceteximiae
1434 1774 1621 1846 magnitudinis
1647 1776 1730 1829 confr·

952 1888 1012 1939 gere
1028 1888 1033 1923 :
1053 1870 1074 1921 is
1085 1870 1149 1923 limo
1161 1871 1250 1937 alitur,
1265 1871 1486 1941 quemadmodum
1501 1872 1628 1942 anguilla.

988 1979 1014 2029 8.
1037 1978 1108 2028 luter
1130 1976 1268 2029 Massiliam
1287 1987 1314 2028 et
1336 1978 1457 2031 llhodani
1482 1979 1555 2031 lluvii
1578 1981 1643 2031 ostia
1665 1978 1731 2049 jacet

951 2088 1076 2141 mrupus,
1095 2089 1110 2125 a
1138 2073 1204 2123 mari
1222 2072 1321 2125 distans
1339 2072 1431 2125 stadiis
1453 2084 1577 2138 centum,
1601 2072 1731 2127 diametro

951 2166 1067 2235 ejusdem
1083 2169 1250 2237 quantitatis,
1275 2168 1359 2222 loram
1374 2168 1503 2223 circulari.
1541 2172 1566 2223 Ia
1586 2168 1619 2221 ab
1635 2181 1731 2224 eventu

951 2264 1097 2333 Lepidosus
1106 2262 1203 2317 dicitur
1212 2274 1302 2335 utpote
1310 2264 1438 2335 lapidibus
1447 2267 1492 2337 qui
1502 2282 1610 2317 manum
1624 2266 1731 2337 implere

951 2365 1051 2433 possint
1065 2364 1228 2435 plenissimus
1239 2364 1288 2417 sub
1296 2365 1390 2435 quibus
1400 2382 1505 2434 gramen
1519 2368 1646 2431 exoritur,
1658 2368 1731 2438 quod

951 2463 1040 2533 pabuli
1056 2462 1198 2516 ubertatem
1211 2465 1349 2534 pecoribus
1365 2466 1523 2536 suppeditat.
1538 2470 1569 2519 ln
1587 2468 1674 2520 medio
1684 2485 1731 2521 au·

946 2563 1003 2613 ¹tem
1016 2572 1090 2625 aquae
1104 2564 1201 2607 suntet
1216 2554 1302 2607 salinae
1318 2566 1344 2607 ct
1358 2556 1431 2609 sales.
1454 2558 1525 2611 Dicit
1537 2558 1616 2625 igitur
1630 2558 1731 2611 Aristo-
1758 2622 1762 2628 Ι

952 2648 1013 2700 telos
1026 2645 1124 2716 lapides
1137 2664 1181 2699 eos
1194 2664 1210 2698 a
1226 2657 1301 2699 terrae
1310 2646 1441 2712 motibus,
1456 2664 1522 2717 quos
1536 2647 1636 2701 brastos
1647 2648 1732 2719 appel·

950 2738 1021 2799 lant,
1036 2738 1063 2789 in
1077 2734 1240 2807 superficiem
1255 2736 1367 2806 ejectos,
1383 2737 1416 2789 ad
1437 2755 1499 2789 cava
1520 2735 1576 2789 loca
1590 2737 1729 2793 confertim

951 2830 1070 2901 delapsos
1081 2847 1145 2885 esse.
1162 2828 1318 2882 Posidonius
1333 2846 1395 2882 vero
1408 2829 1493 2881 lacurn
1505 2828 1583 2883 luisse
1595 2830 1668 2895 dicit,
1684 2833 1729 2901 qui

951 2938 1033 2990 quum
1044 2918 1330 2990 tluctuatioaequadam
1338 2921 1477 2983 exaruerit,
1484 2919 1596 2992 ideoque
1606 2922 1632 2974 in
1642 2922 1729 2994 plures

951 3011 1083 3082 dispersus
1099 3009 1176 3064 luerit
1189 3010 1300 3081 lapidea,
1319 3013 1386 3063 sicut
1400 3011 1550 3064 fluviatilem
1565 3011 1688 3080 glaream,
1703 3023 1729 3066 et

950 3102 1062 3155 calculos
1075 3101 1201 3156 littoreos.
1239 3103 1307 3154 Sane
1322 3110 1432 3172 uterque
1444 3101 1606 3172 probabilem
1627 3106 1664 3156 rei
1686 3121 1728 3155 ra·

951 3193 1049 3244 tionem
1068 3193 1198 3262 exposuit.
1235 3193 1346 3244 Necesse
1362 3192 1432 3243 enim
1445 3201 1484 3242 est
1504 3193 1540 3243 ita
1560 3202 1729 3270 cougregatqs

951 3283 1048 3353 lapides
1061 3295 1105 3336 aut
1117 3301 1149 3335 ex
1160 3282 1260 3335 humidi
1275 3283 1440 3335 concretione
1450 3283 1518 3334 bane
1532 3281 1730 3334 lor-mam'acee·

949 3377 1018 3445 pisse
1031 3387 1076 3428 aut
1088 3395 1119 3428 ex
1132 3376 1231 3444 magnis
1245 3377 1312 3427 saxis
1327 3375 1474 3444 frequentes
1485 3384 1607 3445 rupturas
1616 3377 1729 3446 expertis

950 3484 1005 3518 osse
1018 3466 1131 3518 avulsos.

987 3579 1012 3626 9.
1022 3539 1114 3630 'Salyes
1128 3561 1195 3611 inter·
1208 3557 1365 3611 ltlrodanum
1375 3567 1401 3610 et
1414 3559 1568 3611 Druentiam
1581 3575 1669 3612 amnas
1683 3559 1729 3613 lta·

952 3646 1035 3698 utram
1048 3664 1095 3716 per
1108 3648 1249 3715 quingenta
1262 3644 1354 3698 stadia.

989 3749 1029 3785 ιο.
1051 3731 1162 3795 Galatae,
1188 3733 1234 3806 qui
1251 3729 1421 3800 Cappadocia
1437 3727 1573 3798 adjacent,
1591 3729 1728 3784 Gallorum

949 3829 1011 3870 suut
1024 3818 1120 3872 coloni.

168 3921 201 3959 tt.
222 3898 285 3959 Ὀτι
299 3901 326 3957 ἓν
339 3904 373 3979 τῇ
388 3899 535 3978 limitavit!
555 3902 601 3967 τῆζ
616 3900 758 3971 litterate,
772 3898 803 3969 bl
817 3897 905 3976 έχουσι
990 3931 1030 3968 11.
1052 3917 1083 3965 ln
1097 3912 1237 3982 Aquitania
1255 3911 1363 3975 Galliae,
1386 3927 1465 3980 quam
1481 3908 1580 3962 babent
1601 3909 1727 3975 Tarbelli,

127 3988 292 4066 Τείρόελλσι,
310 3987 428 4061 μέταλλά
447 3992 502 4046 ἐστι
523 3986 622 4064 χρύσεα
637 3985 827 4044 σπουδαιότατα
839 3987 905 4043 πᾶν·
949 3999 1105 4053 aurifodinae
1129 4009 1189 4051 sunt
1217 3999 1336 4050 omnium
1361 3997 1592 4068 praestantissimaq
1615 4015 1675 4052 nam
1701 3999 1729 4052 in

127 4077 189 4132 τῶν·
202 4077 228 4132 ἐν
242 4076 293 4153 γάρ
307 4075 406 4151 βάθροις
418 4076 564 4152 θρυχθεῖσιν
575 4073 618 4130 ἐπὶ
635 4072 726 4151 μικρὸν
742 4072 903 4151 εὑρίσκονται
949 4085 1085 4137 scrobibus
1098 4084 1233 4156 paululum
1247 4082 1370 4147 defossis,
1383 4085 1439 4134 auri
1451 4081 1553 4134 laminae
1563 4084 1730 4152 reperiuntur

127 4163 173 4220 καί
193 4165 372 4241 χειροπληθεῖς
396 4165 504 4241 χρυσίου
537 4161 649 4234 πλάκες,
673 4159 783 4219 ἔσθ’ότε
812 4173 905 4240 μικρᾶς
949 4189 1056 4222 manum
1074 4171 1225 4241 implentes,
1247 4168 1388 4240 aliquando
1409 4167 1502 4236 exigua
1522 4167 1667 4235 indigentes
1688 4186 1728 4224 re-

129 4251 329 4325 ἀποκαθάρτεως
348 4249 475 4323 δεόμεναι·
490 4249 520 4307 τὸ
534 4249 561 4307 il
575 4249 664 4307 λοιπὸν
682 4250 777 4326 ψῆγμά
791 4252 846 4306 ἔστι
861 4251 905 4306 καί
949 4257 1120 4326 purgatione3
1146 4255 1276 4325 rcliqtlum
1294 4263 1409 4306 ramenta
1433 4260 1460 4304 ct
1486 4249 1565 4320 glebae
1586 4263 1647 4304 sunt
1668 4254 1729 4322 ipsae

129 4339 222 4411 βῶλοι,
237 4336 282 4392 καί
295 4336 373 4393 αὐταί
385 4336 561 4414 κατεργασίαν
575 4337 604 4394 οὐ
618 4335 718 4406 πολλὴν
732 4334 850 4413 ἔχουσαι.
869 4335 905 4396 ‘ll
933 4407 936 4410 ἢ
950 4358 1055 4410 quoque
1065 4357 1117 4393 non
1126 4341 1236 4394 multum
1244 4341 1330 4410 operis
1339 4338 1524 4391 desiderantes.
1539 4338 1729 4392 Mediterranea

128 4422 155 4480 δὲ
170 4421 302 4497 μεσόγειος
315 4422 359 4479 καί
373 4421 458 4500 ὀρεινὴ
473 4422 566 4499 βελτίω
577 4426 625 4498 γῆν
640 4421 706 4499 ἔχει.
950 4436 1037 4478 autem
1051 4436 1076 4478 et
1090 4435 1214 4478 montana
1225 4443 1316 4494 agrum
1330 4424 1427 4476 habent
1440 4424 1582 4478 meliorem.

171 4527 204 4569 tt.
216 4507 279 4567 Ὅτι
292 4509 321 4564 τὸ
332 4507 437 4584 σύμπαν
445 4509 548 4579 {tanet
563 4515 606 4566 νῦν
620 4508 743 4568 Κελτικόν
754 4531 782 4566 τε
794 4509 839 4566 καί
851 4511 873 4567 Γ
874 4535 904 4567 α·
988 4539 1029 4576 12,
1050 4524 1178 4574 Universa
1193 4521 1247 4574 haec
1262 4521 1349 4584 natio,
1372 4537 1430 4590 qum
1444 4519 1543 4572 Gallica
1554 4529 1580 4570 et
1594 4519 1689 4572 Celtica
1702 4527 1728 4570 et

128 4596 234 4654 λατικδν
246 4595 290 4652 καί
304 4597 325 4654 Γ
327 4597 432 4652 αλλικδν
447 4599 574 4667 καλεῖται,
590 4595 739 4674 ἀρειμάνιόν
754 4618 781 4652 τε
796 4596 905 4654 ἐστικαὶ
949 4607 1065 4660 Galatica
1079 4607 1232 4678 appellatur,
1249 4605 1369 4658 bellicosa
1390 4615 1429 4657 est
1442 4615 1468 4658 et
1484 4604 1557 4656 ferox
1582 4614 1608 4657 et
1624 4603 1657 4655 ad
1679 4621 1727 4674 pq.

128 4681 234 4759 θυμικὸν
249 4683 294 4740 καί
307 4682 423 4759 μάχιμον
436 4683 481 4741 καί
495 4685 593 4757 μᾶλλον
609 4686 705 4761 ἱππικῇ
717 4682 790 4772 μάζῃ
803 4684 905 4740 ullam-
949 4711 1027 4760 gnam
1040 4703 1175 4762 prompta,
1189 4692 1270 4760 magis
1285 4701 1371 4742 tauma
1386 4691 1497 4760 equestri
1512 4706 1599 4760 pugna
1618 4687 1725 4751 nobilis,

130 4775 203 4845 μοῦν,
215 4770 260 4827 καί
274 4770 303 4827 τὸ
317 4772 456 4845 κράτιστον
468 4767 725 4845 Ῥωμαίοιςίππικδν
736 4775 806 4826 οὑτοι
820 4769 905 4846 τ’ταρέ·
949 4777 1069 4846 adeoque
1089 4779 1218 4849 optimum
1246 4777 1391 4846 equitatum
1419 4776 1542 4828 Romanis
1568 4773 1725 4844 suppeditat.

129 4873 229 4931 χουσιν.
241 4857 299 4914 Εἰσὶ
307 4854 335 4912 δέ
350 4857 402 4921 τοῖς
414 4854 518 4932 τρόποις
526 4855 606 4912 ἁπλοῖ
617 4855 661 4912 καλ
672 4857 700 4912 οὗ
713 4853 856 4926 κακοήθεις,
870 4859 905 4920 είς
949 4865 1058 4932 Ingenio
1072 4863 1185 4916 candido
1200 4873 1260 4914 sunt
1271 4872 1297 4915 et
1309 4863 1437 4932 simplici,
1449 4873 1474 4913 et
1488 4861 1522 4914 ab
1534 4859 1660 4931 improbis
1672 4879 1728 4913 mo·

129 4939 158 5000 δί
172 4941 201 4999 τὸ
215 4943 375 5021 διεγερθῆναι
395 4942 459 5020 πρὸς
478 4942 592 5018 πόλεμον
614 4944 724 5019 ἑτοίμως
737 4943 903 5018 ἐρεθίζονται,
953 4951 1026 5002 ribus
1047 4949 1220 5012 abhorrente;
1243 4947 1288 5000 sed
1309 4948 1342 5000 ad
1362 4947 1457 5000 bellum
1479 4945 1638 4999 movendum
1655 4947 1728 4998 lncile

132 5130 204 5185 -5.
217 5147 246 5200 p.
264 5133 323 5199 178,
335 5135 411 5185 act).
426 5134 437 5200 ll
453 5136 524 5187 -6.
536 5148 564 5202 p.
580 5147 640 5201 ι79,
651 5137 683 5185 Β.
696 5134 754 5201 ll—
769 5149 794 5199 7.
805 5150 832 5203 p.
846 5135 905 5195 182,
955 5147 996 5182 tt.
1011 5147 1037 5200 p.
1057 5145 1116 5198 190,
1134 5134 1161 5181 C.
1181 5130 1190 5196 ΙΙ
1206 5157 1240 5168 -
1257 5143 1297 5180 ta.
1315 5145 1342 5198 p.
1357 5129 1422 5196 195,
1441 5129 1471 5178 C.
1486 5131 1544 5195 196,
1559 5130 1589 5178 B.
1608 5127 1618 5193 ΙΙ
1635 5146 1670 5164 -s
1685 5123 1726 5177 13.

132 5213 167 5261 A.
183 5210 194 5278 ll
207 5238 240 5248 -
251 5212 278 5261 8.
293 5225 320 5278 p.
341 5213 400 5275 182,
419 5214 498 5264 801).
523 5211 533 5278 ll
550 5240 586 5250 -
603 5219 752 5281 9et10.p.
768 5214 826 5265 185.
848 5213 858 5277 ll
871 5241 906 5252 -

226 5306 304 5347 ῦεοοι
328 5314 352 5348 u.
1621 5302 1649 5344 :a
