<?xml version="1.0" encoding="UTF-8"?>
<!DOCTYPE html PUBLIC "-//W3C//DTD XHTML 1.0 Transitional//EN"
    "http://www.w3.org/TR/xhtml1/DTD/xhtml1-transitional.dtd">
<html xmlns="http://www.w3.org/1999/xhtml" xml:lang="en" lang="en">
 <head>
  <title>
</title>
<meta http-equiv="Content-Type" content="text/html;charset=utf-8" />
  <meta name='ocr-system' content='tesseract 3.04.00' />
  <meta name='ocr-capabilities' content='ocr_page ocr_carea ocr_par ocr_line ocrx_word'/>
</head>
<body>
  <div class='ocr_page' id='page_1' title='image "./geographigraeci04mlgoog_0522.png"; bbox 0 0 3884 5925; ppageno 0'>
   <div class='ocr_carea' id='block_1_1' title="bbox 225 468 1095 531">
    <p class='ocr_par' dir='ltr' id='par_1_1' title="bbox 225 468 1095 531">
     <span class='ocr_line' id='line_1_1' title="bbox 225 468 1095 531; baseline -0.005 0"><span class='ocrx_word' id='word_1_1' title='bbox 225 481 284 531; x_wconf 78' lang='grc' dir='ltr'>τεο</span> <span class='ocrx_word' id='word_1_2' title='bbox 950 468 1095 529; x_wconf 80' lang='grc' dir='ltr'>ΣΧΟΔΙΑ</span> 
     </span>
    </p>
   </div>
   <div class='ocr_carea' id='block_1_2' title="bbox 141 596 1863 2227">
    <p class='ocr_par' dir='ltr' id='par_1_2' title="bbox 141 596 1863 2227">
     <span class='ocr_line' id='line_1_2' title="bbox 224 596 1817 679; baseline -0.002 -20"><span class='ocrx_word' id='word_1_3' title='bbox 224 600 374 677; x_wconf 70' lang='grc' dir='ltr'><strong>καλουμένη</strong></span> <span class='ocrx_word' id='word_1_4' title='bbox 389 600 551 679; x_wconf 77' lang='grc' dir='ltr'>Μελίγουνις.</span> <span class='ocrx_word' id='word_1_5' title='bbox 565 598 620 661; x_wconf 76' lang='grc' dir='ltr'>Καὶ</span> <span class='ocrx_word' id='word_1_6' title='bbox 634 597 679 657; x_wconf 88' lang='grc' dir='ltr'>δύο</span> <span class='ocrx_word' id='word_1_7' title='bbox 689 596 796 675; x_wconf 85' lang='grc' dir='ltr'>λιμίνας</span> <span class='ocrx_word' id='word_1_8' title='bbox 807 598 889 677; x_wconf 81' lang='grc' dir='ltr'>ἔχειὴ</span> <span class='ocrx_word' id='word_1_9' title='bbox 904 602 997 659; x_wconf 80' lang='grc' dir='ltr'>Φαια-</span> <span class='ocrx_word' id='word_1_10' title='bbox 1040 622 1119 679; x_wconf 89' lang='grc' dir='ltr'>πορον</span> <span class='ocrx_word' id='word_1_11' title='bbox 1137 598 1181 657; x_wconf 82' lang='grc' dir='ltr'>καί</span> <span class='ocrx_word' id='word_1_12' title='bbox 1201 597 1319 672; x_wconf 79' lang='grc' dir='ltr'>Ἄδωνιν,</span> <span class='ocrx_word' id='word_1_13' title='bbox 1339 596 1367 657; x_wconf 88' lang='grc' dir='ltr'>θν</span> <span class='ocrx_word' id='word_1_14' title='bbox 1394 600 1444 658; x_wconf 83' lang='grc' dir='ltr'>ὐπὸ</span> <span class='ocrx_word' id='word_1_15' title='bbox 1461 600 1520 664; x_wconf 85' lang='grc' dir='ltr'>συδς</span> <span class='ocrx_word' id='word_1_16' title='bbox 1543 598 1705 659; x_wconf 72' lang='grc' dir='ltr'>ἀποθανόντα</span> <span class='ocrx_word' id='word_1_17' title='bbox 1730 598 1817 678; x_wconf 70' lang='grc' dir='ltr'>λίγεια</span> 
     </span>
     <span class='ocr_line' id='line_1_3' title="bbox 225 682 1818 765; baseline -0.002 -19"><span class='ocrx_word' id='word_1_18' title='bbox 225 688 281 762; x_wconf 69' lang='lat' dir='ltr'>xie,</span> <span class='ocrx_word' id='word_1_19' title='bbox 298 689 343 746; x_wconf 84' lang='grc' dir='ltr'>τὸν</span> <span class='ocrx_word' id='word_1_20' title='bbox 363 686 411 764; x_wconf 63' lang='grc' dir='ltr'>μὲν</span> <span class='ocrx_word' id='word_1_21' title='bbox 431 686 577 757; x_wconf 91' lang='grc' dir='ltr'>Ἀλκινόου,</span> <span class='ocrx_word' id='word_1_22' title='bbox 597 686 640 744; x_wconf 83' lang='grc' dir='ltr'>τόν</span> <span class='ocrx_word' id='word_1_23' title='bbox 662 684 690 742; x_wconf 69' lang='grc' dir='ltr'>δὲ</span> <span class='ocrx_word' id='word_1_24' title='bbox 702 682 814 744; x_wconf 83' lang='grc' dir='ltr'>Ὕλλου.</span> <span class='ocrx_word' id='word_1_25' title='bbox 870 685 917 744; x_wconf 87' lang='grc' dir='ltr'>Διό</span> <span class='ocrx_word' id='word_1_26' title='bbox 934 708 998 765; x_wconf 88' lang='grc' dir='ltr'>ρησι</span> <span class='ocrx_word' id='word_1_27' title='bbox 1041 686 1142 745; x_wconf 76' lang='grc' dir='ltr'>ἔπεισεν</span> <span class='ocrx_word' id='word_1_28' title='bbox 1161 689 1196 752; x_wconf 77' lang='grc' dir='ltr'>ὡς</span> <span class='ocrx_word' id='word_1_29' title='bbox 1219 686 1353 763; x_wconf 80' lang='grc' dir='ltr'>ἥρπασται</span> <span class='ocrx_word' id='word_1_30' title='bbox 1376 685 1425 743; x_wconf 78' lang='grc' dir='ltr'>ὐπὸ</span> <span class='ocrx_word' id='word_1_31' title='bbox 1447 684 1613 765; x_wconf 80' lang='grc' dir='ltr'>Ἀφροδίτης,</span> <span class='ocrx_word' id='word_1_32' title='bbox 1637 687 1683 746; x_wconf 82' lang='grc' dir='ltr'>καί</span> <span class='ocrx_word' id='word_1_33' title='bbox 1709 688 1818 765; x_wconf 68' lang='grc' dir='ltr'>πέμψας</span> 
     </span>
     <span class='ocr_line' id='line_1_4' title="bbox 225 770 1816 855; baseline -0.004 -21"><span class='ocrx_word' id='word_1_34' title='bbox 225 775 398 853; x_wconf 86' lang='grc' dir='ltr'>Καλλίμαχος</span> <span class='ocrx_word' id='word_1_35' title='bbox 412 774 460 852; x_wconf 80' lang='lat' dir='ltr'>(ir.</span> <span class='ocrx_word' id='word_1_36' title='bbox 474 772 553 851; x_wconf 81' lang='lat'><em>336)·</em></span> <span class='ocrx_word' id='word_1_37' title='bbox 568 799 580 823; x_wconf 72' lang='grc' dir='ltr'>ε</span> <span class='ocrx_word' id='word_1_38' title='bbox 594 770 752 849; x_wconf 76' lang='grc' dir='ltr'>Ἀμρίδυμος</span> <span class='ocrx_word' id='word_1_39' title='bbox 763 770 865 838; x_wconf 78' lang='grc' dir='ltr'>Φαίαξ.</span> <span class='ocrx_word' id='word_1_40' title='bbox 883 798 895 823; x_wconf 72' lang='grc' dir='ltr'>ι</span> <span class='ocrx_word' id='word_1_41' title='bbox 1041 773 1134 849; x_wconf 79' lang='grc' dir='ltr'>ἔθαψεν</span> <span class='ocrx_word' id='word_1_42' title='bbox 1155 776 1181 831; x_wconf 75' lang='grc' dir='ltr'>ἐν</span> <span class='ocrx_word' id='word_1_43' title='bbox 1203 771 1300 852; x_wconf 80' lang='grc' dir='ltr'>Βύύλερ</span> <span class='ocrx_word' id='word_1_44' title='bbox 1318 776 1366 841; x_wconf 81' lang='grc' dir='ltr'>τῆς</span> <span class='ocrx_word' id='word_1_45' title='bbox 1389 771 1515 843; x_wconf 79' lang='grc' dir='ltr'>Φοινίκης</span> <span class='ocrx_word' id='word_1_46' title='bbox 1538 774 1611 855; x_wconf 72' lang='grc' dir='ltr'>παρά</span> <span class='ocrx_word' id='word_1_47' title='bbox 1634 774 1765 849; x_wconf 88' lang='grc' dir='ltr'>ποταμθν,</span> <span class='ocrx_word' id='word_1_48' title='bbox 1786 770 1816 839; x_wconf 86' lang='grc' dir='ltr'>θς</span> 
     </span>
     <span class='ocr_line' id='line_1_5' title="bbox 265 854 1816 940; baseline -0.001 -23"><span class='ocrx_word' id='word_1_49' title='bbox 265 882 316 923; x_wconf 75' lang='grc' dir='ltr'>ιτα.</span> <span class='ocrx_word' id='word_1_50' title='bbox 334 861 408 922; x_wconf 81' lang='grc' dir='ltr'>Ἀπὸ</span> <span class='ocrx_word' id='word_1_51' title='bbox 430 856 619 940; x_wconf 77' lang='grc' dir='ltr'>Χαλκίδος]</span> <span class='ocrx_word' id='word_1_52' title='bbox 642 860 742 924; x_wconf 84' lang='grc' dir='ltr'>Χαλκίς</span> <span class='ocrx_word' id='word_1_53' title='bbox 757 859 831 925; x_wconf 82' lang='grc' dir='ltr'>πόλις</span> <span class='ocrx_word' id='word_1_54' title='bbox 850 864 896 930; x_wconf 77' lang='grc' dir='ltr'>τῆς</span> <span class='ocrx_word' id='word_1_55' title='bbox 910 861 999 920; x_wconf 86' lang='grc' dir='ltr'>Αίτω·</span> <span class='ocrx_word' id='word_1_56' title='bbox 1040 854 1144 922; x_wconf 87' lang='grc' dir='ltr'>Ἄδωνις</span> <span class='ocrx_word' id='word_1_57' title='bbox 1165 861 1292 917; x_wconf 84' lang='grc' dir='ltr'>καλεῖται.</span> <span class='ocrx_word' id='word_1_58' title='bbox 1335 858 1442 924; x_wconf 87' lang='grc' dir='ltr'>Ἄλλως.</span> <span class='ocrx_word' id='word_1_59' title='bbox 1484 858 1517 919; x_wconf 84' lang='grc' dir='ltr'><strong><em>Ἡ</em></strong></span> <span class='ocrx_word' id='word_1_60' title='bbox 1535 860 1639 939; x_wconf 83' lang='grc' dir='ltr'>Κύπρος</span> <span class='ocrx_word' id='word_1_61' title='bbox 1651 860 1816 919; x_wconf 77' lang='grc' dir='ltr'>ὐεατσλικω-</span> 
     </span>
     <span class='ocr_line' id='line_1_6' title="bbox 199 942 1848 1024; baseline 0.003 -22"><span class='ocrx_word' id='word_1_62' title='bbox 199 944 290 1011; x_wconf 82' lang='grc' dir='ltr'>ελίας·</span> <span class='ocrx_word' id='word_1_63' title='bbox 301 946 369 1003; x_wconf 82' lang='grc' dir='ltr'>καλό</span> <span class='ocrx_word' id='word_1_64' title='bbox 381 944 504 1016; x_wconf 84' lang='grc' dir='ltr'>Ποιητής·</span> <span class='ocrx_word' id='word_1_65' title='bbox 515 972 527 995; x_wconf 78' lang='grc' dir='ltr'>ι</span> <span class='ocrx_word' id='word_1_66' title='bbox 537 946 687 1005; x_wconf 79' lang='grc' dir='ltr'>Χαλκίδα</span> <span class='ocrx_word' id='word_1_67' title='bbox 697 947 720 1001; x_wconf 82' lang='grc' dir='ltr'>τ’</span> <span class='ocrx_word' id='word_1_68' title='bbox 733 946 927 1023; x_wconf 76' lang='grc' dir='ltr'>ἀγχίαλον»</span> <span class='ocrx_word' id='word_1_69' title='bbox 941 945 999 1017; x_wconf 81' lang='grc' dir='ltr'>ἤτοι</span> <span class='ocrx_word' id='word_1_70' title='bbox 1041 944 1103 1021; x_wconf 88' lang='grc' dir='ltr'>τίρα</span> <span class='ocrx_word' id='word_1_71' title='bbox 1118 942 1218 1003; x_wconf 86' lang='grc' dir='ltr'>Ῥόδου·</span> <span class='ocrx_word' id='word_1_72' title='bbox 1231 945 1260 1001; x_wconf 83' lang='grc' dir='ltr'>τθ</span> <span class='ocrx_word' id='word_1_73' title='bbox 1274 945 1324 1023; x_wconf 83' lang='grc' dir='ltr'>γθιρ</span> <span class='ocrx_word' id='word_1_74' title='bbox 1346 943 1425 1019; x_wconf 74' lang='grc' dir='ltr'>πρὸς</span> <span class='ocrx_word' id='word_1_75' title='bbox 1451 944 1555 1022; x_wconf 77' lang='grc' dir='ltr'>αὐγὰς</span> <span class='ocrx_word' id='word_1_76' title='bbox 1576 946 1640 1024; x_wconf 82' lang='grc' dir='ltr'>πρὸς</span> <span class='ocrx_word' id='word_1_77' title='bbox 1653 948 1701 1016; x_wconf 70' lang='grc' dir='ltr'>τήν</span> <span class='ocrx_word' id='word_1_78' title='bbox 1723 946 1848 1007; x_wconf 76' lang='grc' dir='ltr'>Ῥόδονο</span> 
     </span>
     <span class='ocr_line' id='line_1_7' title="bbox 178 1022 1817 1109; baseline -0.001 -20"><span class='ocrx_word' id='word_1_79' title='bbox 178 1098 181 1101; x_wconf 34' lang='grc'>,</span> <span class='ocrx_word' id='word_1_80' title='bbox 224 1030 272 1101; x_wconf 77' lang='grc' dir='ltr'>τὴν</span> <span class='ocrx_word' id='word_1_81' title='bbox 285 1033 442 1091; x_wconf 79' lang='grc' dir='ltr'>Καλυδῶνα.</span> <span class='ocrx_word' id='word_1_82' title='bbox 1041 1030 1197 1107; x_wconf 74' lang='grc' dir='ltr'>ἐπανήγαγε·</span> <span class='ocrx_word' id='word_1_83' title='bbox 1212 1030 1276 1109; x_wconf 79' lang='grc' dir='ltr'>πρὸς</span> <span class='ocrx_word' id='word_1_84' title='bbox 1290 1030 1372 1107; x_wconf 79' lang='grc' dir='ltr'>αὐγάς</span> <span class='ocrx_word' id='word_1_85' title='bbox 1393 1022 1436 1089; x_wconf 79' lang='grc' dir='ltr'>οὐν</span> <span class='ocrx_word' id='word_1_86' title='bbox 1456 1036 1504 1103; x_wconf 80' lang='grc' dir='ltr'>τῆς</span> <span class='ocrx_word' id='word_1_87' title='bbox 1526 1030 1630 1091; x_wconf 81' lang='grc' dir='ltr'>Ῥόδου.</span> <span class='ocrx_word' id='word_1_88' title='bbox 1671 1031 1748 1091; x_wconf 85' lang='grc' dir='ltr'>Ἐκεῖ</span> <span class='ocrx_word' id='word_1_89' title='bbox 1765 1032 1817 1109; x_wconf 79' lang='grc' dir='ltr'>γάρ</span> 
     </span>
     <span class='ocr_line' id='line_1_8' title="bbox 263 1115 1816 1197; baseline -0.001 -21"><span class='ocrx_word' id='word_1_90' title='bbox 263 1136 315 1176; x_wconf 75' lang='grc' dir='ltr'>τοι.</span> <span class='ocrx_word' id='word_1_91' title='bbox 332 1115 516 1197; x_wconf 84' lang='grc' dir='ltr'>Ἀχελώϊος]</span> <span class='ocrx_word' id='word_1_92' title='bbox 531 1118 606 1177; x_wconf 83' lang='grc' dir='ltr'>Φασὶ</span> <span class='ocrx_word' id='word_1_93' title='bbox 619 1116 669 1196; x_wconf 76' lang='grc' dir='ltr'>γὰρ</span> <span class='ocrx_word' id='word_1_94' title='bbox 682 1116 728 1183; x_wconf 74' lang='grc' dir='ltr'>τάς</span> <span class='ocrx_word' id='word_1_95' title='bbox 737 1116 877 1194; x_wconf 72' lang='grc' dir='ltr'>Ἐχινάδας</span> <span class='ocrx_word' id='word_1_96' title='bbox 890 1117 941 1175; x_wconf 83' lang='grc' dir='ltr'>ύπθ</span> <span class='ocrx_word' id='word_1_97' title='bbox 954 1124 998 1176; x_wconf 81' lang='grc' dir='ltr'>τοῦ</span> <span class='ocrx_word' id='word_1_98' title='bbox 1043 1115 1192 1173; x_wconf 88' lang='grc' dir='ltr'>συνακτίον.</span> <span class='ocrx_word' id='word_1_99' title='bbox 1236 1118 1383 1195; x_wconf 81' lang='grc' dir='ltr'>Παμρυλ</span> <span class='ocrx_word' id='word_1_100' title='bbox 1394 1117 1443 1175; x_wconf 92' lang='grc' dir='ltr'>ίου</span> <span class='ocrx_word' id='word_1_101' title='bbox 1454 1117 1486 1176; x_wconf 75' lang='grc' dir='ltr'>δὲ</span> <span class='ocrx_word' id='word_1_102' title='bbox 1502 1117 1567 1196; x_wconf 87' lang='grc' dir='ltr'>παρ’</span> <span class='ocrx_word' id='word_1_103' title='bbox 1578 1120 1638 1177; x_wconf 84' lang='grc' dir='ltr'>ὅσον</span> <span class='ocrx_word' id='word_1_104' title='bbox 1650 1118 1687 1183; x_wconf 86' lang='grc' dir='ltr'>είς</span> <span class='ocrx_word' id='word_1_105' title='bbox 1697 1122 1816 1197; x_wconf 75' lang='grc' dir='ltr'>Παμρυ·</span> 
     </span>
     <span class='ocr_line' id='line_1_9' title="bbox 225 1200 1518 1347; baseline -0.001 -85"><span class='ocrx_word' id='word_1_106' title='bbox 225 1201 354 1283; x_wconf 85' lang='grc' dir='ltr'>Ἀχελῴου</span> <span class='ocrx_word' id='word_1_107' title='bbox 370 1209 511 1281; x_wconf 79' lang='grc' dir='ltr'>κεχῶσθαι.</span> <span class='ocrx_word' id='word_1_108' title='bbox 531 1204 729 1347; x_wconf 78' lang='grc' dir='ltr'>Ἐχρημοιτῖσθη</span> <span class='ocrx_word' id='word_1_109' title='bbox 745 1204 772 1261; x_wconf 88' lang='grc' dir='ltr'>δὲ</span> <span class='ocrx_word' id='word_1_110' title='bbox 786 1208 824 1280; x_wconf 79' lang='grc' dir='ltr'>τῷ</span> <span class='ocrx_word' id='word_1_111' title='bbox 836 1203 997 1280; x_wconf 80' lang='grc' dir='ltr'>Ἀλκμαίωνι</span> <span class='ocrx_word' id='word_1_112' title='bbox 1043 1200 1101 1260; x_wconf 90' lang='grc' dir='ltr'>λίαν</span> <span class='ocrx_word' id='word_1_113' title='bbox 1113 1204 1375 1280; x_wconf 81' lang='grc' dir='ltr'>άπστερματίζεταιὴ</span> <span class='ocrx_word' id='word_1_114' title='bbox 1390 1202 1518 1263; x_wconf 85' lang='grc' dir='ltr'>θάλασσα.</span> 
     </span>
     <span class='ocr_line' id='line_1_10' title="bbox 226 1288 1817 1370; baseline -0.001 -22"><span class='ocrx_word' id='word_1_115' title='bbox 226 1294 304 1361; x_wconf 79' lang='grc' dir='ltr'>νῆσον</span> <span class='ocrx_word' id='word_1_116' title='bbox 319 1292 439 1362; x_wconf 80' lang='grc' dir='ltr'>οἰκῆσαι,</span> <span class='ocrx_word' id='word_1_117' title='bbox 454 1290 486 1361; x_wconf 72' lang='grc' dir='ltr'>ἣν</span> <span class='ocrx_word' id='word_1_118' title='bbox 498 1293 545 1350; x_wconf 90' lang='grc' dir='ltr'>οὐκ</span> <span class='ocrx_word' id='word_1_119' title='bbox 558 1314 569 1349; x_wconf 89' lang='grc' dir='ltr'>ε</span> <span class='ocrx_word' id='word_1_120' title='bbox 583 1292 624 1349; x_wconf 82' lang='grc' dir='ltr'>διν</span> <span class='ocrx_word' id='word_1_121' title='bbox 639 1290 722 1361; x_wconf 77' lang='grc' dir='ltr'>ἥλιος.</span> <span class='ocrx_word' id='word_1_122' title='bbox 1081 1310 1130 1349; x_wconf 85' lang='grc' dir='ltr'>σιο.</span> <span class='ocrx_word' id='word_1_123' title='bbox 1145 1290 1212 1359; x_wconf 79' lang='grc' dir='ltr'>Τὴν</span> <span class='ocrx_word' id='word_1_124' title='bbox 1228 1290 1261 1349; x_wconf 79' lang='grc' dir='ltr'>δθ</span> <span class='ocrx_word' id='word_1_125' title='bbox 1277 1290 1347 1367; x_wconf 87' lang='grc' dir='ltr'>μίτ’</span> <span class='ocrx_word' id='word_1_126' title='bbox 1359 1288 1567 1370; x_wconf 83' lang='grc' dir='ltr'>άντολίηνδι]</span> <span class='ocrx_word' id='word_1_127' title='bbox 1581 1290 1713 1350; x_wconf 81' lang='grc' dir='ltr'>Ἐνταῦθα</span> <span class='ocrx_word' id='word_1_128' title='bbox 1726 1291 1817 1368; x_wconf 76' lang='grc' dir='ltr'>ψεύδε-</span> 
     </span>
     <span class='ocr_line' id='line_1_11' title="bbox 188 1372 1863 1456; baseline -0.002 -19"><span class='ocrx_word' id='word_1_129' title='bbox 188 1397 214 1437; x_wconf 82' lang='grc' dir='ltr'>ιο</span> <span class='ocrx_word' id='word_1_130' title='bbox 265 1395 316 1435; x_wconf 74' lang='grc' dir='ltr'>τοο.</span> <span class='ocrx_word' id='word_1_131' title='bbox 350 1372 496 1456; x_wconf 75' lang='grc' dir='ltr'>Ἀμνισοῖο]</span> <span class='ocrx_word' id='word_1_132' title='bbox 520 1375 639 1452; x_wconf 85' lang='grc' dir='ltr'>Ἀμνισθς</span> <span class='ocrx_word' id='word_1_133' title='bbox 662 1374 778 1451; x_wconf 79' lang='grc' dir='ltr'>ποταμὸς</span> <span class='ocrx_word' id='word_1_134' title='bbox 802 1374 921 1452; x_wconf 64' lang='grc' dir='ltr'>Κρήῖηί·</span> <span class='ocrx_word' id='word_1_135' title='bbox 953 1374 999 1433; x_wconf 84' lang='grc' dir='ltr'>κοιλ</span> <span class='ocrx_word' id='word_1_136' title='bbox 1041 1398 1094 1433; x_wconf 85' lang='grc' dir='ltr'>ται·</span> <span class='ocrx_word' id='word_1_137' title='bbox 1113 1380 1160 1446; x_wconf 81' lang='grc' dir='ltr'>τῆς</span> <span class='ocrx_word' id='word_1_138' title='bbox 1176 1374 1227 1455; x_wconf 76' lang='grc' dir='ltr'>γὰρ</span> <span class='ocrx_word' id='word_1_139' title='bbox 1241 1375 1351 1455; x_wconf 79' lang='grc' dir='ltr'>Κύπρου</span> <span class='ocrx_word' id='word_1_140' title='bbox 1366 1374 1424 1435; x_wconf 82' lang='grc' dir='ltr'>σύόί</span> <span class='ocrx_word' id='word_1_141' title='bbox 1447 1375 1496 1451; x_wconf 90' lang='grc' dir='ltr'>μία</span> <span class='ocrx_word' id='word_1_142' title='bbox 1509 1378 1586 1445; x_wconf 79' lang='grc' dir='ltr'>ν’ήσος</span> <span class='ocrx_word' id='word_1_143' title='bbox 1606 1375 1815 1453; x_wconf 83' lang='grc' dir='ltr'>άνατολικωτέρα</span> <span class='ocrx_word' id='word_1_144' title='bbox 1837 1396 1863 1433; x_wconf 91' lang='grc' dir='ltr'>ιο</span> 
     </span>
     <span class='ocr_line' id='line_1_12' title="bbox 225 1454 1815 1541; baseline -0.002 -19"><span class='ocrx_word' id='word_1_145' title='bbox 225 1459 348 1540; x_wconf 85' lang='grc' dir='ltr'>Ὅμηρος</span> <span class='ocrx_word' id='word_1_146' title='bbox 363 1464 439 1539; x_wconf 83' lang='lat' dir='ltr'><strong>(0d.</strong></span> <span class='ocrx_word' id='word_1_147' title='bbox 451 1484 476 1534; x_wconf 89' lang='grc' dir='ltr'>τ,</span> <span class='ocrx_word' id='word_1_148' title='bbox 489 1463 543 1519; x_wconf 82' lang='lat'>188</span> <span class='ocrx_word' id='word_1_149' title='bbox 553 1466 571 1538; x_wconf 82' lang='lat'>)·</span> <span class='ocrx_word' id='word_1_150' title='bbox 586 1487 598 1512; x_wconf 78' lang='grc' dir='ltr'>ι</span> <span class='ocrx_word' id='word_1_151' title='bbox 609 1465 688 1531; x_wconf 80' lang='grc' dir='ltr'>στῆσε</span> <span class='ocrx_word' id='word_1_152' title='bbox 702 1463 724 1518; x_wconf 84' lang='grc' dir='ltr'>δ’</span> <span class='ocrx_word' id='word_1_153' title='bbox 737 1463 764 1517; x_wconf 76' lang='grc' dir='ltr'>ἐν</span> <span class='ocrx_word' id='word_1_154' title='bbox 776 1460 909 1540; x_wconf 79' lang='grc' dir='ltr'>Ἀμνισῷ,</span> <span class='ocrx_word' id='word_1_155' title='bbox 920 1460 960 1519; x_wconf 78' lang='grc' dir='ltr'>ὅθι</span> <span class='ocrx_word' id='word_1_156' title='bbox 971 1484 999 1523; x_wconf 82' lang='grc' dir='ltr'>τε</span> <span class='ocrx_word' id='word_1_157' title='bbox 1040 1461 1133 1521; x_wconf 82' lang='grc' dir='ltr'>κεῖται.</span> <span class='ocrx_word' id='word_1_158' title='bbox 1157 1465 1205 1519; x_wconf 83' lang='grc' dir='ltr'>Δεῖ</span> <span class='ocrx_word' id='word_1_159' title='bbox 1214 1454 1267 1533; x_wconf 77' lang='grc' dir='ltr'>οὐν,</span> <span class='ocrx_word' id='word_1_160' title='bbox 1278 1466 1312 1529; x_wconf 81' lang='grc' dir='ltr'>ὥς</span> <span class='ocrx_word' id='word_1_161' title='bbox 1325 1462 1503 1538; x_wconf 78' lang='grc' dir='ltr'>ὑπεδείξαμεν,</span> <span class='ocrx_word' id='word_1_162' title='bbox 1512 1459 1674 1541; x_wconf 79' lang='grc' dir='ltr'>ἀναστρίψαι</span> <span class='ocrx_word' id='word_1_163' title='bbox 1685 1460 1744 1528; x_wconf 85' lang='grc' dir='ltr'>τοθς</span> <span class='ocrx_word' id='word_1_164' title='bbox 1758 1462 1815 1519; x_wconf 80' lang='grc' dir='ltr'>στί·</span> 
     </span>
     <span class='ocr_line' id='line_1_13' title="bbox 156 1545 1439 1629; baseline 0.003 -24"><span class='ocrx_word' id='word_1_165' title='bbox 156 1591 167 1629; x_wconf 24' lang='grc' dir='ltr'>Ι,</span> <span class='ocrx_word' id='word_1_166' title='bbox 227 1546 304 1613; x_wconf 84' lang='grc' dir='ltr'>σπίος</span> <span class='ocrx_word' id='word_1_167' title='bbox 320 1545 507 1613; x_wconf 75' lang='grc' dir='ltr'>Εἰλειθυίας.»</span> <span class='ocrx_word' id='word_1_168' title='bbox 1041 1569 1102 1626; x_wconf 89' lang='grc' dir='ltr'>χους</span> <span class='ocrx_word' id='word_1_169' title='bbox 1116 1546 1179 1626; x_wconf 79' lang='grc' dir='ltr'>πρὸς</span> <span class='ocrx_word' id='word_1_170' title='bbox 1193 1547 1222 1605; x_wconf 82' lang='grc' dir='ltr'>τό</span> <span class='ocrx_word' id='word_1_171' title='bbox 1235 1548 1439 1623; x_wconf 85' lang='grc' dir='ltr'>σημαινόμενον.</span> 
     </span>
     <span class='ocr_line' id='line_1_14' title="bbox 141 1630 1815 1715; baseline 0 -23"><span class='ocrx_word' id='word_1_172' title='bbox 141 1630 160 1672; x_wconf 50' lang='grc' dir='ltr'>ί</span> <span class='ocrx_word' id='word_1_173' title='bbox 265 1653 315 1695; x_wconf 84' lang='grc' dir='ltr'>εοο.</span> <span class='ocrx_word' id='word_1_174' title='bbox 329 1631 473 1713; x_wconf 81' lang='grc' dir='ltr'>Ἓτίριοθεν</span> <span class='ocrx_word' id='word_1_175' title='bbox 486 1634 555 1711; x_wconf 85' lang='grc' dir='ltr'>λίγει</span> <span class='ocrx_word' id='word_1_176' title='bbox 569 1636 616 1706; x_wconf 75' lang='grc' dir='ltr'>τήν</span> <span class='ocrx_word' id='word_1_177' title='bbox 630 1634 785 1712; x_wconf 90' lang='grc' dir='ltr'>Κάρπαθον,</span> <span class='ocrx_word' id='word_1_178' title='bbox 799 1632 842 1691; x_wconf 80' lang='grc' dir='ltr'>διδ</span> <span class='ocrx_word' id='word_1_179' title='bbox 853 1633 882 1690; x_wconf 85' lang='grc' dir='ltr'>τδ</span> <span class='ocrx_word' id='word_1_180' title='bbox 897 1634 999 1710; x_wconf 84' lang='grc' dir='ltr'>βαρεῖαν</span> <span class='ocrx_word' id='word_1_181' title='bbox 1082 1654 1134 1693; x_wconf 77' lang='grc' dir='ltr'>σιτ.</span> <span class='ocrx_word' id='word_1_182' title='bbox 1153 1632 1309 1711; x_wconf 78' lang='grc' dir='ltr'>Εὐρώπης</span> <span class='ocrx_word' id='word_1_183' title='bbox 1330 1636 1352 1691; x_wconf 90' lang='grc' dir='ltr'>δ’</span> <span class='ocrx_word' id='word_1_184' title='bbox 1365 1637 1397 1693; x_wconf 79' lang='grc' dir='ltr'>αἱ</span> <span class='ocrx_word' id='word_1_185' title='bbox 1418 1631 1481 1715; x_wconf 80' lang='grc' dir='ltr'>μίν]</span> <span class='ocrx_word' id='word_1_186' title='bbox 1495 1633 1631 1712; x_wconf 86' lang='grc' dir='ltr'>Διεμίρισε</span> <span class='ocrx_word' id='word_1_187' title='bbox 1647 1632 1694 1699; x_wconf 81' lang='grc' dir='ltr'>τίις</span> <span class='ocrx_word' id='word_1_188' title='bbox 1707 1640 1754 1692; x_wconf 78' lang='grc' dir='ltr'>τού</span> <span class='ocrx_word' id='word_1_189' title='bbox 1768 1638 1815 1695; x_wconf 88' lang='grc' dir='ltr'>Αί-</span> 
     </span>
     <span class='ocr_line' id='line_1_15' title="bbox 227 1718 1816 1801; baseline 0.003 -26"><span class='ocrx_word' id='word_1_190' title='bbox 227 1718 307 1789; x_wconf 79' lang='grc' dir='ltr'>αίιτὴν</span> <span class='ocrx_word' id='word_1_191' title='bbox 323 1727 435 1781; x_wconf 85' lang='grc' dir='ltr'>κεῖσθαι.</span> <span class='ocrx_word' id='word_1_192' title='bbox 473 1719 570 1800; x_wconf 77' lang='grc' dir='ltr'>Ἡγάρ</span> <span class='ocrx_word' id='word_1_193' title='bbox 585 1721 687 1797; x_wconf 82' lang='grc' dir='ltr'>Αίγυλα</span> <span class='ocrx_word' id='word_1_194' title='bbox 702 1720 745 1778; x_wconf 80' lang='grc' dir='ltr'>καί</span> <span class='ocrx_word' id='word_1_195' title='bbox 759 1720 910 1799; x_wconf 82' lang='grc' dir='ltr'>όλλαιπρθς</span> <span class='ocrx_word' id='word_1_196' title='bbox 926 1721 998 1778; x_wconf 89' lang='grc' dir='ltr'>δύσιν</span> <span class='ocrx_word' id='word_1_197' title='bbox 1042 1718 1117 1796; x_wconf 88' lang='grc' dir='ltr'>γαίου</span> <span class='ocrx_word' id='word_1_198' title='bbox 1139 1719 1232 1779; x_wconf 88' lang='grc' dir='ltr'>πόντου</span> <span class='ocrx_word' id='word_1_199' title='bbox 1250 1720 1342 1791; x_wconf 83' lang='grc' dir='ltr'>νήσους</span> <span class='ocrx_word' id='word_1_200' title='bbox 1362 1724 1397 1788; x_wconf 83' lang='grc' dir='ltr'>είς</span> <span class='ocrx_word' id='word_1_201' title='bbox 1411 1722 1474 1792; x_wconf 86' lang='grc' dir='ltr'>δύο,</span> <span class='ocrx_word' id='word_1_202' title='bbox 1498 1721 1543 1779; x_wconf 81' lang='grc' dir='ltr'>καὶ</span> <span class='ocrx_word' id='word_1_203' title='bbox 1566 1721 1595 1786; x_wconf 79' lang='grc' dir='ltr'>θς</span> <span class='ocrx_word' id='word_1_204' title='bbox 1619 1721 1666 1796; x_wconf 80' lang='grc' dir='ltr'>μέν</span> <span class='ocrx_word' id='word_1_205' title='bbox 1687 1744 1752 1801; x_wconf 84' lang='grc' dir='ltr'>ρησι</span> <span class='ocrx_word' id='word_1_206' title='bbox 1772 1726 1816 1792; x_wconf 81' lang='grc' dir='ltr'>τῆς</span> 
     </span>
     <span class='ocr_line' id='line_1_16' title="bbox 188 1784 1859 1884; baseline 0.001 -21"><span class='ocrx_word' id='word_1_207' title='bbox 188 1821 214 1865; x_wconf 76' lang='grc' dir='ltr'>ιο</span> <span class='ocrx_word' id='word_1_208' title='bbox 229 1808 274 1877; x_wconf 76' lang='grc' dir='ltr'>τῆς</span> <span class='ocrx_word' id='word_1_209' title='bbox 285 1806 391 1884; x_wconf 79' lang='grc' dir='ltr'>Κρήτης</span> <span class='ocrx_word' id='word_1_210' title='bbox 408 1814 522 1881; x_wconf 87' lang='grc' dir='ltr'>κεῖνται,</span> <span class='ocrx_word' id='word_1_211' title='bbox 537 1811 555 1877; x_wconf 80' lang='grc' dir='ltr'>ή</span> <span class='ocrx_word' id='word_1_212' title='bbox 571 1806 599 1865; x_wconf 73' lang='grc' dir='ltr'>θλ</span> <span class='ocrx_word' id='word_1_213' title='bbox 615 1806 755 1883; x_wconf 73' lang='grc' dir='ltr'>Κάρπαθος</span> <span class='ocrx_word' id='word_1_214' title='bbox 773 1806 831 1864; x_wconf 89' lang='grc' dir='ltr'>κατ’</span> <span class='ocrx_word' id='word_1_215' title='bbox 854 1806 999 1877; x_wconf 76' lang='grc' dir='ltr'>ἀνατολάς,</span> <span class='ocrx_word' id='word_1_216' title='bbox 1043 1806 1172 1884; x_wconf 85' lang='grc' dir='ltr'>Εὐρώπης</span> <span class='ocrx_word' id='word_1_217' title='bbox 1187 1797 1268 1881; x_wconf 77' lang='grc' dir='ltr'>εἶναι,</span> <span class='ocrx_word' id='word_1_218' title='bbox 1281 1784 1340 1865; x_wconf 78' lang='grc' dir='ltr'>όσάι</span> <span class='ocrx_word' id='word_1_219' title='bbox 1357 1808 1391 1873; x_wconf 87' lang='grc' dir='ltr'>είς</span> <span class='ocrx_word' id='word_1_220' title='bbox 1405 1804 1438 1863; x_wconf 77' lang='grc' dir='ltr'>τό</span> <span class='ocrx_word' id='word_1_221' title='bbox 1453 1806 1575 1882; x_wconf 80' lang='grc' dir='ltr'>εὐώνυμα</span> <span class='ocrx_word' id='word_1_222' title='bbox 1589 1808 1694 1866; x_wconf 78' lang='grc' dir='ltr'>εἰσιόντι</span> <span class='ocrx_word' id='word_1_223' title='bbox 1708 1816 1817 1883; x_wconf 88' lang='grc' dir='ltr'>κεῖνται,</span> <span class='ocrx_word' id='word_1_224' title='bbox 1834 1828 1859 1865; x_wconf 79' lang='grc' dir='ltr'>ιο</span> 
     </span>
     <span class='ocr_line' id='line_1_17' title="bbox 228 1890 1768 1971; baseline 0.001 -21"><span class='ocrx_word' id='word_1_225' title='bbox 228 1893 358 1951; x_wconf 79' lang='grc' dir='ltr'>τουτέστιν</span> <span class='ocrx_word' id='word_1_226' title='bbox 379 1891 484 1968; x_wconf 75' lang='grc' dir='ltr'>ἑτέρωθι</span> <span class='ocrx_word' id='word_1_227' title='bbox 500 1897 547 1961; x_wconf 79' lang='grc' dir='ltr'>τῆς</span> <span class='ocrx_word' id='word_1_228' title='bbox 566 1893 672 1959; x_wconf 88' lang='grc' dir='ltr'>δύσεως.</span> <span class='ocrx_word' id='word_1_229' title='bbox 712 1890 822 1958; x_wconf 89' lang='grc' dir='ltr'>Ἄλλως.</span> <span class='ocrx_word' id='word_1_230' title='bbox 873 1890 909 1951; x_wconf 87' lang='grc' dir='ltr'>Ἡ</span> <span class='ocrx_word' id='word_1_231' title='bbox 927 1894 1000 1971; x_wconf 90' lang='grc' dir='ltr'>Κάρ·</span> <span class='ocrx_word' id='word_1_232' title='bbox 1043 1894 1073 1959; x_wconf 80' lang='grc' dir='ltr'>θς</span> <span class='ocrx_word' id='word_1_233' title='bbox 1088 1894 1115 1951; x_wconf 79' lang='grc' dir='ltr'>δὲ</span> <span class='ocrx_word' id='word_1_234' title='bbox 1129 1898 1175 1963; x_wconf 82' lang='grc' dir='ltr'>τῆς</span> <span class='ocrx_word' id='word_1_235' title='bbox 1184 1892 1359 1961; x_wconf 83' lang='grc' dir='ltr'>Ἀσίας,όσαι</span> <span class='ocrx_word' id='word_1_236' title='bbox 1373 1892 1467 1967; x_wconf 84' lang='grc' dir='ltr'>ὁμοίως</span> <span class='ocrx_word' id='word_1_237' title='bbox 1481 1897 1516 1958; x_wconf 84' lang='grc' dir='ltr'>εἰς</span> <span class='ocrx_word' id='word_1_238' title='bbox 1527 1893 1561 1951; x_wconf 83' lang='grc' dir='ltr'>τθι</span> <span class='ocrx_word' id='word_1_239' title='bbox 1575 1894 1643 1962; x_wconf 75' lang='grc' dir='ltr'>δεξιὰ</span> <span class='ocrx_word' id='word_1_240' title='bbox 1659 1894 1768 1952; x_wconf 76' lang='grc' dir='ltr'>κεῖνται.</span> 
     </span>
     <span class='ocr_line' id='line_1_18' title="bbox 226 1976 1818 2059; baseline 0 -25"><span class='ocrx_word' id='word_1_241' title='bbox 226 1984 308 2043; x_wconf 89' lang='grc' dir='ltr'>παθος</span> <span class='ocrx_word' id='word_1_242' title='bbox 328 1980 533 2056; x_wconf 81' lang='grc' dir='ltr'>άνατολικωτίρα</span> <span class='ocrx_word' id='word_1_243' title='bbox 554 1984 600 2051; x_wconf 76' lang='grc' dir='ltr'>τῆς</span> <span class='ocrx_word' id='word_1_244' title='bbox 624 1976 727 2055; x_wconf 84' lang='grc' dir='ltr'>Κρήτης</span> <span class='ocrx_word' id='word_1_245' title='bbox 741 1986 835 2037; x_wconf 87' lang='grc' dir='ltr'>κεῖται·</span> <span class='ocrx_word' id='word_1_246' title='bbox 850 1978 889 2036; x_wconf 78' lang='grc' dir='ltr'>διὸ</span> <span class='ocrx_word' id='word_1_247' title='bbox 906 1977 950 2036; x_wconf 81' lang='grc' dir='ltr'>καί</span> <span class='ocrx_word' id='word_1_248' title='bbox 970 1980 1001 2035; x_wconf 85' lang='grc' dir='ltr'>τὸ</span> <span class='ocrx_word' id='word_1_249' title='bbox 1082 1997 1133 2037; x_wconf 76' lang='grc' dir='ltr'>σου.</span> <span class='ocrx_word' id='word_1_250' title='bbox 1163 1976 1343 2043; x_wconf 82' lang='grc' dir='ltr'>Ἀύαντιδις</span> <span class='ocrx_word' id='word_1_251' title='bbox 1371 1977 1492 2035; x_wconf 84' lang='grc' dir='ltr'>ίπλετο</span> <span class='ocrx_word' id='word_1_252' title='bbox 1516 1976 1658 2059; x_wconf 88' lang='grc' dir='ltr'>Μάκρις]</span> <span class='ocrx_word' id='word_1_253' title='bbox 1685 1978 1818 2038; x_wconf 81' lang='grc' dir='ltr'>τουτέστιν</span> 
     </span>
     <span class='ocr_line' id='line_1_19' title="bbox 227 2062 1819 2143; baseline 0 -23"><span class='ocrx_word' id='word_1_254' title='bbox 227 2065 308 2122; x_wconf 85' lang='grc' dir='ltr'>ποτλ</span> <span class='ocrx_word' id='word_1_255' title='bbox 322 2063 495 2143; x_wconf 75' lang='grc' dir='ltr'>ζόφονπρθς</span> <span class='ocrx_word' id='word_1_256' title='bbox 508 2071 603 2143; x_wconf 76' lang='grc' dir='ltr'>βορρᾶν</span> <span class='ocrx_word' id='word_1_257' title='bbox 623 2064 704 2140; x_wconf 69' lang='grc' dir='ltr'>λέγει.</span> <span class='ocrx_word' id='word_1_258' title='bbox 754 2063 1001 2143; x_wconf 75' lang='grc' dir='ltr'>ΚαλγδιρὍμηρος</span> <span class='ocrx_word' id='word_1_259' title='bbox 1045 2063 1155 2123; x_wconf 84' lang='grc' dir='ltr'>Εύόοια.</span> <span class='ocrx_word' id='word_1_260' title='bbox 1198 2062 1277 2120; x_wconf 86' lang='grc' dir='ltr'>Ούτω</span> <span class='ocrx_word' id='word_1_261' title='bbox 1292 2062 1318 2119; x_wconf 74' lang='grc' dir='ltr'>δὲ</span> <span class='ocrx_word' id='word_1_262' title='bbox 1332 2062 1437 2140; x_wconf 84' lang='grc' dir='ltr'>Μάκριν</span> <span class='ocrx_word' id='word_1_263' title='bbox 1448 2062 1605 2122; x_wconf 79' lang='grc' dir='ltr'>Ἀόοιντιάδα</span> <span class='ocrx_word' id='word_1_264' title='bbox 1615 2062 1679 2142; x_wconf 81' lang='grc' dir='ltr'>ρηοθ</span> <span class='ocrx_word' id='word_1_265' title='bbox 1690 2064 1736 2121; x_wconf 85' lang='grc' dir='ltr'>καλ</span> <span class='ocrx_word' id='word_1_266' title='bbox 1747 2066 1819 2122; x_wconf 88' lang='grc' dir='ltr'>Καλ-</span> 
     </span>
     <span class='ocr_line' id='line_1_20' title="bbox 229 2147 1373 2227; baseline -0.003 -19"><span class='ocrx_word' id='word_1_267' title='bbox 229 2152 299 2226; x_wconf 84' lang='grc' dir='ltr'>(Οιῖ.</span> <span class='ocrx_word' id='word_1_268' title='bbox 316 2174 341 2220; x_wconf 93' lang='grc' dir='ltr'>ι,</span> <span class='ocrx_word' id='word_1_269' title='bbox 356 2154 404 2211; x_wconf 79' lang='lat'>23.</span> <span class='ocrx_word' id='word_1_270' title='bbox 437 2151 484 2221; x_wconf 79' lang='grc' dir='ltr'>τλν</span> <span class='ocrx_word' id='word_1_271' title='bbox 499 2153 605 2221; x_wconf 80' lang='grc' dir='ltr'>Ἰθάκην</span> <span class='ocrx_word' id='word_1_272' title='bbox 619 2151 665 2209; x_wconf 82' lang='grc' dir='ltr'>καὶ</span> <span class='ocrx_word' id='word_1_273' title='bbox 678 2149 725 2217; x_wconf 78' lang='grc' dir='ltr'>τθς</span> <span class='ocrx_word' id='word_1_274' title='bbox 738 2151 798 2226; x_wconf 80' lang='grc' dir='ltr'>περί</span> <span class='ocrx_word' id='word_1_275' title='bbox 813 2150 894 2219; x_wconf 81' lang='grc' dir='ltr'>αὐτὴν</span> <span class='ocrx_word' id='word_1_276' title='bbox 908 2150 1000 2220; x_wconf 80' lang='grc' dir='ltr'>νήσους</span> <span class='ocrx_word' id='word_1_277' title='bbox 1043 2150 1153 2227; x_wconf 87' lang='grc' dir='ltr'>λίμαχος</span> <span class='ocrx_word' id='word_1_278' title='bbox 1169 2147 1212 2221; x_wconf 73' lang='lat' dir='ltr'>(in</span> <span class='ocrx_word' id='word_1_279' title='bbox 1227 2151 1290 2207; x_wconf 89' lang='lat' dir='ltr'>Dei.</span> <span class='ocrx_word' id='word_1_280' title='bbox 1302 2166 1340 2205; x_wconf 82' lang='grc' dir='ltr'>οο</span> <span class='ocrx_word' id='word_1_281' title='bbox 1351 2151 1373 2225; x_wconf 82' lang='grc'>).</span> 
     </span>
    </p>
   </div>
   <div class='ocr_carea' id='block_1_3' title="bbox 188 2150 1862 2836">
    <p class='ocr_par' dir='ltr' id='par_1_3' title="bbox 188 2150 1862 2836">
     <span class='ocr_line' id='line_1_21' title="bbox 188 2150 1862 2316; baseline -0.002 -23"><span class='ocrx_word' id='word_1_282' title='bbox 188 2236 294 2313; x_wconf 70' lang='grc' dir='ltr'>αυπρδς</span> <span class='ocrx_word' id='word_1_283' title='bbox 309 2237 383 2316; x_wconf 77' lang='grc' dir='ltr'>ζόρον</span> <span class='ocrx_word' id='word_1_284' title='bbox 397 2150 453 2293; x_wconf 82' lang='grc' dir='ltr'>είπε</span> <span class='ocrx_word' id='word_1_285' title='bbox 467 2241 568 2294; x_wconf 86' lang='grc' dir='ltr'>κεῖσθαι</span> <span class='ocrx_word' id='word_1_286' title='bbox 595 2236 662 2305; x_wconf 82' lang='grc' dir='ltr'>αὕτη</span> <span class='ocrx_word' id='word_1_287' title='bbox 681 2236 709 2293; x_wconf 79' lang='grc' dir='ltr'>δὲ</span> <span class='ocrx_word' id='word_1_288' title='bbox 722 2234 785 2313; x_wconf 88' lang='grc' dir='ltr'>πρθς</span> <span class='ocrx_word' id='word_1_289' title='bbox 800 2239 896 2314; x_wconf 82' lang='grc' dir='ltr'>βορρᾶν</span> <span class='ocrx_word' id='word_1_290' title='bbox 917 2239 1001 2294; x_wconf 84' lang='grc' dir='ltr'>αὐτῶν</span> <span class='ocrx_word' id='word_1_291' title='bbox 1081 2254 1131 2295; x_wconf 80' lang='grc' dir='ltr'>ατε.</span> <span class='ocrx_word' id='word_1_292' title='bbox 1150 2232 1367 2315; x_wconf 86' lang='grc' dir='ltr'>Πεπάρηθος]</span> <span class='ocrx_word' id='word_1_293' title='bbox 1389 2236 1464 2301; x_wconf 80' lang='grc' dir='ltr'>πολις</span> <span class='ocrx_word' id='word_1_294' title='bbox 1478 2234 1506 2293; x_wconf 82' lang='grc' dir='ltr'>δέ</span> <span class='ocrx_word' id='word_1_295' title='bbox 1520 2236 1575 2294; x_wconf 74' lang='grc' dir='ltr'>ἐστι</span> <span class='ocrx_word' id='word_1_296' title='bbox 1597 2234 1739 2315; x_wconf 73' lang='grc' dir='ltr'>Θρᾳκικὴ,</span> <span class='ocrx_word' id='word_1_297' title='bbox 1759 2234 1817 2306; x_wconf 84' lang='grc' dir='ltr'>ήτις</span> <span class='ocrx_word' id='word_1_298' title='bbox 1832 2250 1862 2289; x_wconf 81' lang='grc' dir='ltr'>το</span> 
     </span>
     <span class='ocr_line' id='line_1_22' title="bbox 228 2319 1619 2401; baseline 0.001 -22"><span class='ocrx_word' id='word_1_299' title='bbox 228 2330 321 2381; x_wconf 87' lang='grc' dir='ltr'>κεῖται.</span> <span class='ocrx_word' id='word_1_300' title='bbox 362 2319 490 2401; x_wconf 85' lang='grc' dir='ltr'>Ὄμηρος·</span> <span class='ocrx_word' id='word_1_301' title='bbox 1044 2322 1072 2377; x_wconf 82' lang='grc' dir='ltr'>οὐ</span> <span class='ocrx_word' id='word_1_302' title='bbox 1084 2320 1166 2377; x_wconf 84' lang='grc' dir='ltr'>κεῖται</span> <span class='ocrx_word' id='word_1_303' title='bbox 1180 2322 1205 2375; x_wconf 80' lang='grc' dir='ltr'>ίν</span> <span class='ocrx_word' id='word_1_304' title='bbox 1221 2322 1258 2398; x_wconf 81' lang='grc' dir='ltr'>τῷ</span> <span class='ocrx_word' id='word_1_305' title='bbox 1268 2322 1314 2389; x_wconf 80' lang='grc' dir='ltr'>τῆς</span> <span class='ocrx_word' id='word_1_306' title='bbox 1324 2319 1507 2399; x_wconf 79' lang='grc' dir='ltr'>χωρογραρίας</span> <span class='ocrx_word' id='word_1_307' title='bbox 1518 2320 1619 2380; x_wconf 89' lang='grc' dir='ltr'>πίνακι.</span> 
     </span>
     <span class='ocr_line' id='line_1_23' title="bbox 1083 2404 1822 2486; baseline -0.003 -22"><span class='ocrx_word' id='word_1_308' title='bbox 1083 2425 1133 2465; x_wconf 71' lang='grc' dir='ltr'>ατο.</span> <span class='ocrx_word' id='word_1_309' title='bbox 1155 2404 1268 2483; x_wconf 82' lang='grc' dir='ltr'>Ὤγυγί</span> <span class='ocrx_word' id='word_1_310' title='bbox 1274 2404 1307 2486; x_wconf 88' lang='grc' dir='ltr'>η]</span> <span class='ocrx_word' id='word_1_311' title='bbox 1329 2404 1375 2473; x_wconf 79' lang='grc' dir='ltr'>Ἐξ</span> <span class='ocrx_word' id='word_1_312' title='bbox 1387 2408 1470 2485; x_wconf 78' lang='grc' dir='ltr'>ἀρχῆς</span> <span class='ocrx_word' id='word_1_313' title='bbox 1482 2404 1529 2475; x_wconf 77' lang='grc' dir='ltr'>τὴν</span> <span class='ocrx_word' id='word_1_314' title='bbox 1542 2408 1684 2485; x_wconf 81' lang='grc' dir='ltr'>Δήμητραν</span> <span class='ocrx_word' id='word_1_315' title='bbox 1699 2407 1822 2483; x_wconf 80' lang='grc' dir='ltr'>μεγάλως</span> 
     </span>
     <span class='ocr_line' id='line_1_24' title="bbox 1045 2492 1151 2563; baseline 0.009 -12"><span class='ocrx_word' id='word_1_316' title='bbox 1045 2492 1151 2563; x_wconf 81' lang='grc' dir='ltr'>ἐτίμων.</span> 
     </span>
     <span class='ocr_line' id='line_1_25' title="bbox 1084 2574 1821 2658; baseline 0.007 -21"><span class='ocrx_word' id='word_1_317' title='bbox 1084 2576 1275 2654; x_wconf 80' lang='grc' dir='ltr'>Δημήτερος</span> <span class='ocrx_word' id='word_1_318' title='bbox 1301 2574 1399 2658; x_wconf 72' lang='grc' dir='ltr'>ἀκτή]</span> <span class='ocrx_word' id='word_1_319' title='bbox 1430 2576 1566 2655; x_wconf 87' lang='grc' dir='ltr'>Κάρπιμος</span> <span class='ocrx_word' id='word_1_320' title='bbox 1593 2577 1682 2655; x_wconf 76' lang='grc' dir='ltr'>γάρὴ</span> <span class='ocrx_word' id='word_1_321' title='bbox 1710 2579 1821 2647; x_wconf 71' lang='grc' dir='ltr'>Θάσος,</span> 
     </span>
     <span class='ocr_line' id='line_1_26' title="bbox 267 2654 1862 2751; baseline -0.003 -22"><span class='ocrx_word' id='word_1_322' title='bbox 267 2688 318 2730; x_wconf 74' lang='grc' dir='ltr'>τοι.</span> <span class='ocrx_word' id='word_1_323' title='bbox 332 2666 425 2729; x_wconf 90' lang='grc' dir='ltr'>Ἄντα</span> <span class='ocrx_word' id='word_1_324' title='bbox 435 2669 466 2727; x_wconf 78' lang='grc' dir='ltr'>δί</span> <span class='ocrx_word' id='word_1_325' title='bbox 479 2668 597 2751; x_wconf 79' lang='grc' dir='ltr'>πέζης]</span> <span class='ocrx_word' id='word_1_326' title='bbox 617 2670 831 2729; x_wconf 76' lang='grc' dir='ltr'>Καταόαίνειέπλ</span> <span class='ocrx_word' id='word_1_327' title='bbox 841 2671 873 2730; x_wconf 81' lang='grc' dir='ltr'>τά</span> <span class='ocrx_word' id='word_1_328' title='bbox 888 2670 1003 2741; x_wconf 74' lang='grc' dir='ltr'>ἕξῆςτῆς</span> <span class='ocrx_word' id='word_1_329' title='bbox 1046 2663 1122 2725; x_wconf 71' lang='grc' dir='ltr'>οἱονεί</span> <span class='ocrx_word' id='word_1_330' title='bbox 1136 2662 1229 2734; x_wconf 73' lang='grc' dir='ltr'>ὐίσυς,</span> <span class='ocrx_word' id='word_1_331' title='bbox 1250 2664 1294 2721; x_wconf 80' lang='grc' dir='ltr'>καί</span> <span class='ocrx_word' id='word_1_332' title='bbox 1308 2668 1392 2743; x_wconf 81' lang='grc' dir='ltr'>τροπῇ</span> <span class='ocrx_word' id='word_1_333' title='bbox 1407 2664 1480 2723; x_wconf 79' lang='grc' dir='ltr'>τοῦθ</span> <span class='ocrx_word' id='word_1_334' title='bbox 1496 2668 1558 2731; x_wconf 89' lang='grc' dir='ltr'>είςθ</span> <span class='ocrx_word' id='word_1_335' title='bbox 1573 2664 1658 2731; x_wconf 74' lang='grc' dir='ltr'>θάσθς·</span> <span class='ocrx_word' id='word_1_336' title='bbox 1674 2662 1701 2731; x_wconf 70' lang='grc' dir='ltr'>ἕξ</span> <span class='ocrx_word' id='word_1_337' title='bbox 1714 2654 1744 2721; x_wconf 77' lang='grc' dir='ltr'>οὐ</span> <span class='ocrx_word' id='word_1_338' title='bbox 1758 2664 1820 2724; x_wconf 80' lang='grc' dir='ltr'>θά-</span> <span class='ocrx_word' id='word_1_339' title='bbox 1836 2684 1862 2721; x_wconf 72' lang='grc' dir='ltr'>το</span> 
     </span>
     <span class='ocr_line' id='line_1_27' title="bbox 188 2748 1756 2836; baseline -0.004 -21"><span class='ocrx_word' id='word_1_340' title='bbox 188 2774 216 2813; x_wconf 72' lang='grc' dir='ltr'>ου</span> <span class='ocrx_word' id='word_1_341' title='bbox 229 2754 320 2815; x_wconf 74' lang='grc' dir='ltr'>Ῥόδου</span> <span class='ocrx_word' id='word_1_342' title='bbox 333 2753 488 2836; x_wconf 73' lang='grc' dir='ltr'>τύπρθςίω</span> <span class='ocrx_word' id='word_1_343' title='bbox 510 2754 628 2831; x_wconf 87' lang='grc' dir='ltr'>κείμενα.</span> <span class='ocrx_word' id='word_1_344' title='bbox 683 2756 798 2834; x_wconf 79' lang='grc' dir='ltr'>Παρίησι</span> <span class='ocrx_word' id='word_1_345' title='bbox 813 2756 840 2814; x_wconf 68' lang='grc' dir='ltr'>δὲ</span> <span class='ocrx_word' id='word_1_346' title='bbox 861 2758 946 2816; x_wconf 76' lang='grc' dir='ltr'>αὐςῶυ</span> <span class='ocrx_word' id='word_1_347' title='bbox 967 2757 1000 2816; x_wconf 67' lang='grc' dir='ltr'>τὰ</span> <span class='ocrx_word' id='word_1_348' title='bbox 1046 2768 1099 2815; x_wconf 84' lang='grc' dir='ltr'>στος</span> <span class='ocrx_word' id='word_1_349' title='bbox 1113 2753 1127 2807; x_wconf 86' lang='grc' dir='ltr'>θ</span> <span class='ocrx_word' id='word_1_350' title='bbox 1143 2748 1279 2818; x_wconf 88' lang='grc' dir='ltr'>πλούσιος,</span> <span class='ocrx_word' id='word_1_351' title='bbox 1294 2750 1406 2809; x_wconf 87' lang='grc' dir='ltr'>πλουσία</span> <span class='ocrx_word' id='word_1_352' title='bbox 1422 2750 1466 2807; x_wconf 81' lang='grc' dir='ltr'>καὶ</span> <span class='ocrx_word' id='word_1_353' title='bbox 1480 2750 1530 2827; x_wconf 89' lang='grc' dir='ltr'>γάρ</span> <span class='ocrx_word' id='word_1_354' title='bbox 1543 2752 1611 2809; x_wconf 76' lang='grc' dir='ltr'>ἔστιν</span> <span class='ocrx_word' id='word_1_355' title='bbox 1625 2756 1641 2821; x_wconf 78' lang='grc' dir='ltr'>ἡ</span> <span class='ocrx_word' id='word_1_356' title='bbox 1656 2750 1756 2815; x_wconf 81' lang='grc' dir='ltr'>Θάσος.</span> 
     </span>
    </p>
   </div>
   <div class='ocr_carea' id='block_1_4' title="bbox 288 2466 913 2597">
    <p class='ocr_par' dir='ltr' id='par_1_4' title="bbox 288 2466 913 2597">
     <span class='ocr_line' id='line_1_28' title="bbox 288 2466 863 2527; baseline -0.019 -3"><span class='ocrx_word' id='word_1_357' title='bbox 288 2467 347 2523; x_wconf 58' lang='lat' dir='ltr'>“ivi</span> <span class='ocrx_word' id='word_1_358' title='bbox 358 2466 382 2515; x_wconf 76' lang='grc' dir='ltr'>θθ</span> <span class='ocrx_word' id='word_1_359' title='bbox 398 2466 505 2527; x_wconf 76' lang='grc' dir='ltr'>χθαμαλή</span> <span class='ocrx_word' id='word_1_360' title='bbox 515 2466 677 2527; x_wconf 70' lang='grc' dir='ltr'>πανυπερτάτη</span> <span class='ocrx_word' id='word_1_361' title='bbox 687 2467 721 2514; x_wconf 87' lang='grc' dir='ltr'>εῖν</span> <span class='ocrx_word' id='word_1_362' title='bbox 730 2466 767 2512; x_wconf 74' lang='grc' dir='ltr'>αλλ</span> <span class='ocrx_word' id='word_1_363' title='bbox 780 2470 863 2524; x_wconf 87' lang='grc' dir='ltr'>κεῖται,</span> 
     </span>
     <span class='ocr_line' id='line_1_29' title="bbox 289 2533 913 2597; baseline -0.003 -12"><span class='ocrx_word' id='word_1_364' title='bbox 289 2537 346 2596; x_wconf 80' lang='grc' dir='ltr'>πρὸς</span> <span class='ocrx_word' id='word_1_365' title='bbox 360 2534 436 2595; x_wconf 73' lang='grc' dir='ltr'>ζόφον</span> <span class='ocrx_word' id='word_1_366' title='bbox 450 2537 475 2581; x_wconf 83' lang='grc' dir='ltr'>αῖ</span> <span class='ocrx_word' id='word_1_367' title='bbox 488 2535 514 2582; x_wconf 79' lang='grc' dir='ltr'>δέ</span> <span class='ocrx_word' id='word_1_368' title='bbox 524 2534 545 2581; x_wconf 78' lang='grc' dir='ltr'>τ’</span> <span class='ocrx_word' id='word_1_369' title='bbox 556 2535 634 2582; x_wconf 84' lang='grc' dir='ltr'>άνευθε</span> <span class='ocrx_word' id='word_1_370' title='bbox 647 2535 704 2597; x_wconf 82' lang='grc' dir='ltr'>πρὸς</span> <span class='ocrx_word' id='word_1_371' title='bbox 715 2534 752 2591; x_wconf 80' lang='grc' dir='ltr'>ἠῶ</span> <span class='ocrx_word' id='word_1_372' title='bbox 762 2534 783 2581; x_wconf 87' lang='grc' dir='ltr'>τ’</span> <span class='ocrx_word' id='word_1_373' title='bbox 792 2533 868 2591; x_wconf 83' lang='grc' dir='ltr'>ἠέλιόν</span> <span class='ocrx_word' id='word_1_374' title='bbox 879 2551 913 2583; x_wconf 84' lang='grc' dir='ltr'>τι.</span> 
     </span>
    </p>
   </div>
   <div class='ocr_carea' id='block_1_5' title="bbox 145 2825 1871 3946">
    <p class='ocr_par' dir='ltr' id='par_1_5' title="bbox 145 2825 1871 3946">
     <span class='ocr_line' id='line_1_30' title="bbox 228 2825 1823 2922; baseline -0.001 -23"><span class='ocrx_word' id='word_1_375' title='bbox 228 2841 347 2922; x_wconf 84' lang='grc' dir='ltr'>δρώμενα</span> <span class='ocrx_word' id='word_1_376' title='bbox 360 2841 404 2899; x_wconf 83' lang='grc' dir='ltr'>καὶ</span> <span class='ocrx_word' id='word_1_377' title='bbox 419 2839 546 2919; x_wconf 83' lang='grc' dir='ltr'>ἀνώτερα.</span> <span class='ocrx_word' id='word_1_378' title='bbox 1084 2854 1134 2895; x_wconf 81' lang='grc' dir='ltr'>τοι.</span> <span class='ocrx_word' id='word_1_379' title='bbox 1153 2834 1277 2917; x_wconf 86' lang='grc' dir='ltr'>Σάμος]</span> <span class='ocrx_word' id='word_1_380' title='bbox 1295 2836 1383 2911; x_wconf 77' lang='grc' dir='ltr'>Σάμος</span> <span class='ocrx_word' id='word_1_381' title='bbox 1394 2844 1478 2914; x_wconf 86' lang='grc' dir='ltr'>τρεῖς,</span> <span class='ocrx_word' id='word_1_382' title='bbox 1493 2835 1610 2915; x_wconf 75' lang='grc' dir='ltr'>διάφοροι</span> <span class='ocrx_word' id='word_1_383' title='bbox 1624 2836 1650 2893; x_wconf 77' lang='grc' dir='ltr'>δὲ</span> <span class='ocrx_word' id='word_1_384' title='bbox 1660 2825 1748 2912; x_wconf 77' lang='grc' dir='ltr'>αὐται.</span> <span class='ocrx_word' id='word_1_385' title='bbox 1765 2837 1823 2897; x_wconf 90' lang='grc' dir='ltr'>Σά-</span> 
     </span>
     <span class='ocr_line' id='line_1_31' title="bbox 266 2920 1823 3002; baseline 0.001 -14"><span class='ocrx_word' id='word_1_386' title='bbox 266 2949 319 2988; x_wconf 84' lang='grc' dir='ltr'>εοι.</span> <span class='ocrx_word' id='word_1_387' title='bbox 332 2926 369 2988; x_wconf 85' lang='grc' dir='ltr'>Ἦ</span> <span class='ocrx_word' id='word_1_388' title='bbox 391 2925 419 2986; x_wconf 68' lang='grc' dir='ltr'>δὲ</span> <span class='ocrx_word' id='word_1_389' title='bbox 434 2926 551 2999; x_wconf 78' lang='grc' dir='ltr'>Ἰηλυσὸς</span> <span class='ocrx_word' id='word_1_390' title='bbox 566 2926 640 2993; x_wconf 76' lang='grc' dir='ltr'>πόλις</span> <span class='ocrx_word' id='word_1_391' title='bbox 651 2926 744 2987; x_wconf 83' lang='grc' dir='ltr'>Ῥόδου</span> <span class='ocrx_word' id='word_1_392' title='bbox 757 2928 836 2988; x_wconf 72' lang='grc' dir='ltr'>ἐστίν.</span> <span class='ocrx_word' id='word_1_393' title='bbox 860 2928 1001 2996; x_wconf 79' lang='grc' dir='ltr'>Ὀξυτόνως</span> <span class='ocrx_word' id='word_1_394' title='bbox 1046 2943 1092 2988; x_wconf 72' lang='grc' dir='ltr'>μοι</span> <span class='ocrx_word' id='word_1_395' title='bbox 1113 2920 1162 3000; x_wconf 80' lang='grc' dir='ltr'>γίρ</span> <span class='ocrx_word' id='word_1_396' title='bbox 1185 2920 1380 3002; x_wconf 75' lang='grc' dir='ltr'>Κεφαλληνίας,</span> <span class='ocrx_word' id='word_1_397' title='bbox 1404 2921 1493 2996; x_wconf 84' lang='grc' dir='ltr'>Σάμος</span> <span class='ocrx_word' id='word_1_398' title='bbox 1513 2925 1558 2992; x_wconf 75' lang='grc' dir='ltr'>τῆς</span> <span class='ocrx_word' id='word_1_399' title='bbox 1586 2920 1704 2993; x_wconf 74' lang='grc' dir='ltr'>Ἰωνίας,</span> <span class='ocrx_word' id='word_1_400' title='bbox 1730 2922 1823 3000; x_wconf 73' lang='grc' dir='ltr'>Σάμος</span> 
     </span>
     <span class='ocr_line' id='line_1_32' title="bbox 228 3005 1822 3092; baseline 0.001 -20"><span class='ocrx_word' id='word_1_401' title='bbox 228 3013 256 3072; x_wconf 80' lang='grc' dir='ltr'>δί</span> <span class='ocrx_word' id='word_1_402' title='bbox 270 3015 457 3092; x_wconf 72' lang='grc' dir='ltr'>ἀναγνωστέον.</span> <span class='ocrx_word' id='word_1_403' title='bbox 500 3013 555 3072; x_wconf 81' lang='grc' dir='ltr'>Καὶ</span> <span class='ocrx_word' id='word_1_404' title='bbox 569 3012 696 3091; x_wconf 86' lang='grc' dir='ltr'>Ὄμηρος·</span> <span class='ocrx_word' id='word_1_405' title='bbox 713 3013 829 3072; x_wconf 81' lang='grc' dir='ltr'>Λίνδον</span> <span class='ocrx_word' id='word_1_406' title='bbox 843 3013 1000 3086; x_wconf 85' lang='grc' dir='ltr'>Ἰηλυσόν</span> <span class='ocrx_word' id='word_1_407' title='bbox 1045 3008 1151 3089; x_wconf 69' lang='grc' dir='ltr'>Θρᾴκης</span> <span class='ocrx_word' id='word_1_408' title='bbox 1168 3009 1242 3082; x_wconf 70' lang='lat' dir='ltr'>vimi</span> <span class='ocrx_word' id='word_1_409' title='bbox 1253 3005 1413 3088; x_wconf 69' lang='grc' dir='ltr'>Σομοθρᾷκη</span> <span class='ocrx_word' id='word_1_410' title='bbox 1424 3009 1468 3065; x_wconf 68' lang='grc' dir='ltr'>καί</span> <span class='ocrx_word' id='word_1_411' title='bbox 1483 3007 1619 3086; x_wconf 68' lang='grc' dir='ltr'>Ἠλεκτρίς</span> <span class='ocrx_word' id='word_1_412' title='bbox 1630 3007 1822 3084; x_wconf 57' lang='grc' dir='ltr'>ίωμαίομὲνη·</span> 
     </span>
     <span class='ocr_line' id='line_1_33' title="bbox 228 3091 1861 3174; baseline -0.003 -17"><span class='ocrx_word' id='word_1_413' title='bbox 228 3122 275 3159; x_wconf 87' lang='grc' dir='ltr'>τε.</span> <span class='ocrx_word' id='word_1_414' title='bbox 1047 3098 1099 3155; x_wconf 74' lang='grc' dir='ltr'>ἐκεῖ</span> <span class='ocrx_word' id='word_1_415' title='bbox 1112 3095 1163 3174; x_wconf 77' lang='grc' dir='ltr'>γάρ</span> <span class='ocrx_word' id='word_1_416' title='bbox 1178 3095 1310 3174; x_wconf 70' lang='grc' dir='ltr'>Ἠλέκτρα</span> <span class='ocrx_word' id='word_1_417' title='bbox 1327 3099 1344 3164; x_wconf 82' lang='grc' dir='ltr'><strong>ἡ</strong></span> <span class='ocrx_word' id='word_1_418' title='bbox 1362 3091 1513 3160; x_wconf 85' lang='grc' dir='ltr'>Ἀτλαντιθις</span> <span class='ocrx_word' id='word_1_419' title='bbox 1527 3093 1571 3152; x_wconf 79' lang='grc' dir='ltr'>τόν</span> <span class='ocrx_word' id='word_1_420' title='bbox 1592 3093 1728 3171; x_wconf 87' lang='grc' dir='ltr'>Δάρδανον</span> <span class='ocrx_word' id='word_1_421' title='bbox 1750 3091 1823 3169; x_wconf 77' lang='grc' dir='ltr'>ἐγίν-</span> <span class='ocrx_word' id='word_1_422' title='bbox 1834 3111 1861 3152; x_wconf 78' lang='grc' dir='ltr'>ιο</span> 
     </span>
     <span class='ocr_line' id='line_1_34' title="bbox 189 3181 1871 3266; baseline -0.005 -23"><span class='ocrx_word' id='word_1_423' title='bbox 189 3208 218 3248; x_wconf 82' lang='grc' dir='ltr'>οο</span> <span class='ocrx_word' id='word_1_424' title='bbox 268 3202 318 3244; x_wconf 78' lang='grc' dir='ltr'>τοο.</span> <span class='ocrx_word' id='word_1_425' title='bbox 332 3183 372 3243; x_wconf 86' lang='grc' dir='ltr'>Τὸ</span> <span class='ocrx_word' id='word_1_426' title='bbox 385 3185 412 3243; x_wconf 81' lang='grc' dir='ltr'>δί</span> <span class='ocrx_word' id='word_1_427' title='bbox 433 3183 542 3242; x_wconf 87' lang='grc' dir='ltr'>Σούνιον</span> <span class='ocrx_word' id='word_1_428' title='bbox 564 3187 611 3253; x_wconf 79' lang='grc' dir='ltr'>τῆς</span> <span class='ocrx_word' id='word_1_429' title='bbox 624 3182 741 3255; x_wconf 76' lang='grc' dir='ltr'>’Ἀττικῆς</span> <span class='ocrx_word' id='word_1_430' title='bbox 764 3183 933 3263; x_wconf 81' lang='grc' dir='ltr'>άκρωτήριον·</span> <span class='ocrx_word' id='word_1_431' title='bbox 956 3184 1001 3243; x_wconf 84' lang='grc' dir='ltr'>καῖ</span> <span class='ocrx_word' id='word_1_432' title='bbox 1047 3204 1109 3251; x_wconf 89' lang='grc' dir='ltr'>νησε</span> <span class='ocrx_word' id='word_1_433' title='bbox 1124 3186 1162 3261; x_wconf 78' lang='grc' dir='ltr'>τῷ</span> <span class='ocrx_word' id='word_1_434' title='bbox 1174 3181 1228 3241; x_wconf 88' lang='grc' dir='ltr'>Διί.</span> <span class='ocrx_word' id='word_1_435' title='bbox 1677 3220 1678 3223; x_wconf 24' lang='lat'>¹</span> <span class='ocrx_word' id='word_1_436' title='bbox 1851 3245 1871 3266; x_wconf 54' lang='lat'><strong>·</strong></span> 
     </span>
     <span class='ocr_line' id='line_1_35' title="bbox 232 3264 1822 3350; baseline -0.002 -22"><span class='ocrx_word' id='word_1_437' title='bbox 232 3295 245 3320; x_wconf 75' lang='grc' dir='ltr'>ι</span> <span class='ocrx_word' id='word_1_438' title='bbox 260 3267 366 3328; x_wconf 83' lang='grc' dir='ltr'>Σούνιον</span> <span class='ocrx_word' id='word_1_439' title='bbox 380 3270 458 3348; x_wconf 87' lang='grc' dir='ltr'>άκρον</span> <span class='ocrx_word' id='word_1_440' title='bbox 473 3269 613 3340; x_wconf 88' lang='grc' dir='ltr'>Ἀθηναίων</span> <span class='ocrx_word' id='word_1_441' title='bbox 628 3269 844 3350; x_wconf 79' lang='grc' dir='ltr'>ιἈριστοράνης.</span> <span class='ocrx_word' id='word_1_442' title='bbox 1085 3267 1124 3325; x_wconf 82' lang='lat' dir='ltr'>To</span> <span class='ocrx_word' id='word_1_443' title='bbox 1139 3265 1299 3342; x_wconf 85' lang='grc' dir='ltr'>Κυρύάντιον</span> <span class='ocrx_word' id='word_1_444' title='bbox 1313 3265 1396 3338; x_wconf 88' lang='grc' dir='ltr'>άστυ,</span> <span class='ocrx_word' id='word_1_445' title='bbox 1407 3264 1548 3335; x_wconf 81' lang='grc' dir='ltr'>τουτίστιὴ</span> <span class='ocrx_word' id='word_1_446' title='bbox 1560 3265 1736 3345; x_wconf 79' lang='grc' dir='ltr'>Κυρόαντιδς.</span> <span class='ocrx_word' id='word_1_447' title='bbox 1751 3269 1822 3345; x_wconf 91' lang='grc' dir='ltr'>Κυρ-</span> 
     </span>
     <span class='ocr_line' id='line_1_36' title="bbox 268 3349 1815 3437; baseline -0.001 -23"><span class='ocrx_word' id='word_1_448' title='bbox 268 3376 320 3414; x_wconf 75' lang='grc' dir='ltr'>οοο.</span> <span class='ocrx_word' id='word_1_449' title='bbox 344 3354 444 3414; x_wconf 91' lang='grc' dir='ltr'>Ἄστυ</span> <span class='ocrx_word' id='word_1_450' title='bbox 468 3355 629 3426; x_wconf 78' lang='grc' dir='ltr'>Διωναίης</span> <span class='ocrx_word' id='word_1_451' title='bbox 643 3352 750 3437; x_wconf 76' lang='grc' dir='ltr'>Ἀρμ]</span> <span class='ocrx_word' id='word_1_452' title='bbox 768 3358 896 3432; x_wconf 85' lang='grc' dir='ltr'>Κεραστῖν</span> <span class='ocrx_word' id='word_1_453' title='bbox 921 3356 1002 3428; x_wconf 69' lang='grc' dir='ltr'>αὐτὴν</span> <span class='ocrx_word' id='word_1_454' title='bbox 1047 3352 1150 3410; x_wconf 83' lang='grc' dir='ltr'>όοίντιον</span> <span class='ocrx_word' id='word_1_455' title='bbox 1165 3349 1192 3410; x_wconf 75' lang='grc' dir='ltr'>δύ</span> <span class='ocrx_word' id='word_1_456' title='bbox 1217 3351 1313 3422; x_wconf 81' lang='grc' dir='ltr'>ίκλήθη</span> <span class='ocrx_word' id='word_1_457' title='bbox 1328 3351 1393 3410; x_wconf 87' lang='grc' dir='ltr'>άστυ</span> <span class='ocrx_word' id='word_1_458' title='bbox 1417 3351 1470 3410; x_wconf 83' lang='grc' dir='ltr'>άπθ</span> <span class='ocrx_word' id='word_1_459' title='bbox 1489 3357 1535 3410; x_wconf 78' lang='grc' dir='ltr'>τοῦ</span> <span class='ocrx_word' id='word_1_460' title='bbox 1550 3354 1633 3411; x_wconf 85' lang='grc' dir='ltr'>ίκεῑσε</span> <span class='ocrx_word' id='word_1_461' title='bbox 1656 3356 1709 3410; x_wconf 82' lang='grc' dir='ltr'>τῶν</span> <span class='ocrx_word' id='word_1_462' title='bbox 1729 3353 1815 3432; x_wconf 87' lang='grc' dir='ltr'>Κορυ-</span> 
     </span>
     <span class='ocr_line' id='line_1_37' title="bbox 230 3433 1459 3520; baseline -0.002 -22"><span class='ocrx_word' id='word_1_463' title='bbox 230 3439 392 3515; x_wconf 84' lang='grc' dir='ltr'>καλουμίνην</span> <span class='ocrx_word' id='word_1_464' title='bbox 406 3440 503 3520; x_wconf 84' lang='grc' dir='ltr'>ᾤκισεν</span> <span class='ocrx_word' id='word_1_465' title='bbox 522 3441 597 3501; x_wconf 77' lang='grc' dir='ltr'>Ὕων</span> <span class='ocrx_word' id='word_1_466' title='bbox 616 3441 773 3517; x_wconf 78' lang='grc' dir='ltr'>Αἰγύπτιος,</span> <span class='ocrx_word' id='word_1_467' title='bbox 791 3433 821 3500; x_wconf 80' lang='grc' dir='ltr'>οὐ</span> <span class='ocrx_word' id='word_1_468' title='bbox 834 3443 886 3508; x_wconf 80' lang='grc' dir='ltr'>υἱὸς</span> <span class='ocrx_word' id='word_1_469' title='bbox 898 3441 999 3514; x_wconf 80' lang='grc' dir='ltr'>Κάττης</span> <span class='ocrx_word' id='word_1_470' title='bbox 1047 3438 1148 3496; x_wconf 83' lang='grc' dir='ltr'>ύάντων</span> <span class='ocrx_word' id='word_1_471' title='bbox 1161 3439 1289 3496; x_wconf 88' lang='grc' dir='ltr'>τελεῖσθαι</span> <span class='ocrx_word' id='word_1_472' title='bbox 1305 3435 1459 3515; x_wconf 82' lang='grc' dir='ltr'>μυστήριον.</span> 
     </span>
     <span class='ocr_line' id='line_1_38' title="bbox 145 3519 1858 3609; baseline 0.001 -26"><span class='ocrx_word' id='word_1_473' title='bbox 145 3574 147 3577; x_wconf 94' lang='grc'>.</span> <span class='ocrx_word' id='word_1_474' title='bbox 232 3526 441 3607; x_wconf 73' lang='grc' dir='ltr'>άπαιςτελευτᾷ.</span> <span class='ocrx_word' id='word_1_475' title='bbox 484 3527 602 3607; x_wconf 82' lang='grc' dir='ltr'>Κίραλος</span> <span class='ocrx_word' id='word_1_476' title='bbox 616 3529 645 3586; x_wconf 76' lang='grc' dir='ltr'>δὲ</span> <span class='ocrx_word' id='word_1_477' title='bbox 664 3531 827 3595; x_wconf 85' lang='grc' dir='ltr'>όΠανδίονος</span> <span class='ocrx_word' id='word_1_478' title='bbox 842 3524 999 3609; x_wconf 79' lang='grc' dir='ltr'>καὶἜρσης</span> <span class='ocrx_word' id='word_1_479' title='bbox 1084 3543 1133 3583; x_wconf 79' lang='grc' dir='ltr'>τοο.</span> <span class='ocrx_word' id='word_1_480' title='bbox 1149 3521 1187 3581; x_wconf 68' lang='lat' dir='ltr'>At</span> <span class='ocrx_word' id='word_1_481' title='bbox 1204 3525 1225 3580; x_wconf 87' lang='grc' dir='ltr'>δ’</span> <span class='ocrx_word' id='word_1_482' title='bbox 1243 3519 1372 3604; x_wconf 82' lang='grc' dir='ltr'>Ἀσίης]</span> <span class='ocrx_word' id='word_1_483' title='bbox 1389 3525 1416 3581; x_wconf 84' lang='grc' dir='ltr'>αί</span> <span class='ocrx_word' id='word_1_484' title='bbox 1434 3523 1602 3600; x_wconf 87' lang='grc' dir='ltr'>προκείμεναι</span> <span class='ocrx_word' id='word_1_485' title='bbox 1616 3521 1704 3591; x_wconf 89' lang='grc' dir='ltr'>Ἀσίας</span> <span class='ocrx_word' id='word_1_486' title='bbox 1716 3525 1817 3584; x_wconf 85' lang='grc' dir='ltr'>Κυκλά-</span> <span class='ocrx_word' id='word_1_487' title='bbox 1832 3549 1858 3585; x_wconf 77' lang='grc' dir='ltr'>τε</span> 
     </span>
     <span class='ocr_line' id='line_1_39' title="bbox 190 3607 1816 3694; baseline 0.002 -24"><span class='ocrx_word' id='word_1_488' title='bbox 190 3630 216 3670; x_wconf 73' lang='grc' dir='ltr'>οι</span> <span class='ocrx_word' id='word_1_489' title='bbox 231 3615 267 3678; x_wconf 87' lang='grc' dir='ltr'>είς</span> <span class='ocrx_word' id='word_1_490' title='bbox 281 3613 328 3683; x_wconf 76' lang='grc' dir='ltr'>τήν</span> <span class='ocrx_word' id='word_1_491' title='bbox 344 3613 431 3674; x_wconf 89' lang='grc' dir='ltr'>Ἀσίαν</span> <span class='ocrx_word' id='word_1_492' title='bbox 445 3616 522 3671; x_wconf 79' lang='grc' dir='ltr'>οἰκῶν</span> <span class='ocrx_word' id='word_1_493' title='bbox 546 3614 609 3692; x_wconf 77' lang='grc' dir='ltr'>ἔσχε</span> <span class='ocrx_word' id='word_1_494' title='bbox 629 3615 723 3679; x_wconf 80' lang='grc' dir='ltr'>παῖδας</span> <span class='ocrx_word' id='word_1_495' title='bbox 737 3613 817 3694; x_wconf 76' lang='grc' dir='ltr'>’Λῷον</span> <span class='ocrx_word' id='word_1_496' title='bbox 836 3616 881 3672; x_wconf 78' lang='grc' dir='ltr'>καὶ</span> <span class='ocrx_word' id='word_1_497' title='bbox 898 3615 1001 3693; x_wconf 76' lang='grc' dir='ltr'>Πάρον,</span> <span class='ocrx_word' id='word_1_498' title='bbox 1047 3610 1087 3675; x_wconf 68' lang='grc' dir='ltr'>δὶς</span> <span class='ocrx_word' id='word_1_499' title='bbox 1105 3608 1165 3668; x_wconf 62' lang='lat' dir='ltr'>tivi·</span> <span class='ocrx_word' id='word_1_500' title='bbox 1208 3609 1387 3690; x_wconf 69' lang='grc' dir='ltr'>Λυτῑκώτῑραῑ</span> <span class='ocrx_word' id='word_1_501' title='bbox 1407 3607 1457 3688; x_wconf 57' lang='lat' dir='ltr'>‘rip</span> <span class='ocrx_word' id='word_1_502' title='bbox 1470 3610 1550 3680; x_wconf 66' lang='grc' dir='ltr'>αὐτῆς</span> <span class='ocrx_word' id='word_1_503' title='bbox 1566 3608 1741 3686; x_wconf 66' lang='grc' dir='ltr'>εὑρίσκονταί.</span> <span class='ocrx_word' id='word_1_504' title='bbox 1765 3615 1816 3670; x_wconf 68' lang='grc' dir='ltr'>ΔΙ·</span> 
     </span>
     <span class='ocr_line' id='line_1_40' title="bbox 229 3691 1820 3778; baseline -0.001 -23"><span class='ocrx_word' id='word_1_505' title='bbox 229 3697 255 3765; x_wconf 86' lang='grc' dir='ltr'>θς</span> <span class='ocrx_word' id='word_1_506' title='bbox 269 3699 360 3764; x_wconf 84' lang='grc' dir='ltr'>διαόδις</span> <span class='ocrx_word' id='word_1_507' title='bbox 375 3702 410 3766; x_wconf 84' lang='grc' dir='ltr'>είς</span> <span class='ocrx_word' id='word_1_508' title='bbox 425 3699 504 3770; x_wconf 76' lang='grc' dir='ltr'>αὐτὴν</span> <span class='ocrx_word' id='word_1_509' title='bbox 518 3699 593 3757; x_wconf 90' lang='grc' dir='ltr'>πόλιν</span> <span class='ocrx_word' id='word_1_510' title='bbox 603 3700 683 3768; x_wconf 80' lang='grc' dir='ltr'>κτίζει</span> <span class='ocrx_word' id='word_1_511' title='bbox 698 3700 800 3778; x_wconf 80' lang='grc' dir='ltr'>Πάρον,</span> <span class='ocrx_word' id='word_1_512' title='bbox 812 3691 840 3760; x_wconf 81' lang='grc' dir='ltr'>οὐ</span> <span class='ocrx_word' id='word_1_513' title='bbox 854 3702 906 3767; x_wconf 85' lang='grc' dir='ltr'>υίύς</span> <span class='ocrx_word' id='word_1_514' title='bbox 920 3701 997 3761; x_wconf 87' lang='grc' dir='ltr'>Κινύ-</span> <span class='ocrx_word' id='word_1_515' title='bbox 1047 3694 1129 3754; x_wconf 88' lang='grc' dir='ltr'>θόσθω</span> <span class='ocrx_word' id='word_1_516' title='bbox 1147 3695 1198 3774; x_wconf 73' lang='grc' dir='ltr'>γάρ</span> <span class='ocrx_word' id='word_1_517' title='bbox 1216 3695 1304 3755; x_wconf 90' lang='grc' dir='ltr'>Ἀσίαν</span> <span class='ocrx_word' id='word_1_518' title='bbox 1325 3695 1416 3774; x_wconf 77' lang='grc' dir='ltr'>μέχρις</span> <span class='ocrx_word' id='word_1_519' title='bbox 1434 3695 1519 3754; x_wconf 82' lang='grc' dir='ltr'>ίκεῖσε</span> <span class='ocrx_word' id='word_1_520' title='bbox 1544 3695 1651 3765; x_wconf 84' lang='grc' dir='ltr'>διήκειν.</span> <span class='ocrx_word' id='word_1_521' title='bbox 1669 3697 1710 3756; x_wconf 87' lang='grc' dir='ltr'>Τθ</span> <span class='ocrx_word' id='word_1_522' title='bbox 1731 3697 1820 3755; x_wconf 84' lang='grc' dir='ltr'>λοιπὸν</span> 
     </span>
     <span class='ocr_line' id='line_1_41' title="bbox 229 3779 1820 3864; baseline 0.001 -22"><span class='ocrx_word' id='word_1_523' title='bbox 229 3808 275 3863; x_wconf 88' lang='grc' dir='ltr'>ρας</span> <span class='ocrx_word' id='word_1_524' title='bbox 299 3785 428 3863; x_wconf 77' lang='grc' dir='ltr'>προσῖσχε</span> <span class='ocrx_word' id='word_1_525' title='bbox 441 3785 488 3857; x_wconf 78' lang='grc' dir='ltr'>τὴν</span> <span class='ocrx_word' id='word_1_526' title='bbox 511 3791 588 3857; x_wconf 76' lang='grc' dir='ltr'>νῆσον</span> <span class='ocrx_word' id='word_1_527' title='bbox 612 3788 656 3844; x_wconf 83' lang='grc' dir='ltr'>καλ</span> <span class='ocrx_word' id='word_1_528' title='bbox 678 3786 840 3864; x_wconf 86' lang='grc' dir='ltr'>Πυγμαλίων</span> <span class='ocrx_word' id='word_1_529' title='bbox 853 3786 955 3858; x_wconf 79' lang='grc' dir='ltr'>Φοίνιξ,</span> <span class='ocrx_word' id='word_1_530' title='bbox 969 3779 998 3845; x_wconf 77' lang='grc' dir='ltr'>οὐ</span> <span class='ocrx_word' id='word_1_531' title='bbox 1046 3781 1155 3854; x_wconf 79' lang='grc' dir='ltr'>Αἰγαίου</span> <span class='ocrx_word' id='word_1_532' title='bbox 1168 3781 1295 3858; x_wconf 84' lang='grc' dir='ltr'>πελάγους</span> <span class='ocrx_word' id='word_1_533' title='bbox 1309 3780 1363 3840; x_wconf 64' lang='lat' dir='ltr'>icti</span> <span class='ocrx_word' id='word_1_534' title='bbox 1377 3780 1423 3837; x_wconf 72' lang='grc' dir='ltr'>καί</span> <span class='ocrx_word' id='word_1_535' title='bbox 1441 3784 1487 3839; x_wconf 68' lang='grc' dir='ltr'>οὐκ</span> <span class='ocrx_word' id='word_1_536' title='bbox 1504 3780 1573 3840; x_wconf 61' lang='grc' dir='ltr'>ἔστιν</span> <span class='ocrx_word' id='word_1_537' title='bbox 1588 3781 1681 3846; x_wconf 73' lang='grc' dir='ltr'>Ἀσίας·</span> <span class='ocrx_word' id='word_1_538' title='bbox 1722 3780 1772 3842; x_wconf 86' lang='grc' dir='ltr'>Ἔν</span> <span class='ocrx_word' id='word_1_539' title='bbox 1793 3782 1820 3840; x_wconf 82' lang='grc' dir='ltr'>δί</span> 
     </span>
     <span class='ocr_line' id='line_1_42' title="bbox 227 3862 1821 3946; baseline 0.004 -27"><span class='ocrx_word' id='word_1_540' title='bbox 227 3862 357 3940; x_wconf 89' lang='grc' dir='ltr'>θυγατίρα</span> <span class='ocrx_word' id='word_1_541' title='bbox 370 3863 528 3942; x_wconf 82' lang='grc' dir='ltr'>Θυμαράτην</span> <span class='ocrx_word' id='word_1_542' title='bbox 538 3871 619 3940; x_wconf 86' lang='grc' dir='ltr'>γαμεῖ</span> <span class='ocrx_word' id='word_1_543' title='bbox 633 3863 765 3942; x_wconf 87' lang='grc' dir='ltr'>Κινύρας,</span> <span class='ocrx_word' id='word_1_544' title='bbox 781 3865 826 3921; x_wconf 82' lang='grc' dir='ltr'>καὶ</span> <span class='ocrx_word' id='word_1_545' title='bbox 841 3875 909 3922; x_wconf 87' lang='grc' dir='ltr'>ποιεῖ</span> <span class='ocrx_word' id='word_1_546' title='bbox 918 3865 999 3933; x_wconf 80' lang='grc' dir='ltr'>Ὀξύ·</span> <span class='ocrx_word' id='word_1_547' title='bbox 1044 3869 1081 3944; x_wconf 80' lang='grc' dir='ltr'>τῷ</span> <span class='ocrx_word' id='word_1_548' title='bbox 1107 3866 1209 3945; x_wconf 81' lang='grc' dir='ltr'>Αἰγαίῳ</span> <span class='ocrx_word' id='word_1_549' title='bbox 1237 3871 1264 3925; x_wconf 82' lang='grc' dir='ltr'>αἱ</span> <span class='ocrx_word' id='word_1_550' title='bbox 1293 3865 1426 3930; x_wconf 83' lang='grc' dir='ltr'>Κυκλάδας</span> <span class='ocrx_word' id='word_1_551' title='bbox 1451 3867 1563 3944; x_wconf 76' lang='grc' dir='ltr'>πρῶται.</span> <span class='ocrx_word' id='word_1_552' title='bbox 1619 3864 1764 3946; x_wconf 88' lang='grc' dir='ltr'>Πρώτην</span> <span class='ocrx_word' id='word_1_553' title='bbox 1789 3866 1821 3926; x_wconf 80' lang='grc' dir='ltr'>δθ</span> 
     </span>
    </p>
   </div>
   <div class='ocr_carea' id='block_1_6' title="bbox 174 4067 1824 5235">
    <p class='ocr_par' dir='ltr' id='par_1_6' title="bbox 226 4067 1824 4533">
     <span class='ocr_line' id='line_1_43' title="bbox 227 4067 1820 4144; baseline 0.003 -25"><span class='ocrx_word' id='word_1_554' title='bbox 227 4067 254 4121; x_wconf 77' lang='grc'>3.</span> <span class='ocrx_word' id='word_1_555' title='bbox 266 4069 336 4123; x_wconf 74' lang='lat' dir='ltr'>Post.</span> <span class='ocrx_word' id='word_1_556' title='bbox 350 4085 376 4123; x_wconf 90' lang='grc' dir='ltr'>ν.</span> <span class='ocrx_word' id='word_1_557' title='bbox 392 4067 472 4131; x_wconf 76' lang='grc' dir='ltr'>Φαίαξ</span> <span class='ocrx_word' id='word_1_558' title='bbox 485 4069 544 4124; x_wconf 87' lang='lat' dir='ltr'>cod.</span> <span class='ocrx_word' id='word_1_559' title='bbox 558 4074 583 4122; x_wconf 79' lang='lat' dir='ltr'><strong><em>E</em></strong></span> <span class='ocrx_word' id='word_1_560' title='bbox 593 4070 666 4124; x_wconf 76' lang='lat' dir='ltr'>addit</span> <span class='ocrx_word' id='word_1_561' title='bbox 679 4087 686 4122; x_wconf 91' lang='lat'>:</span> <span class='ocrx_word' id='word_1_562' title='bbox 700 4069 798 4138; x_wconf 71' lang='grc' dir='ltr'>ἀντικρύ</span> <span class='ocrx_word' id='word_1_563' title='bbox 810 4070 857 4140; x_wconf 79' lang='grc' dir='ltr'>γὰρ</span> <span class='ocrx_word' id='word_1_564' title='bbox 868 4075 911 4124; x_wconf 81' lang='grc' dir='ltr'>τοῦ</span> <span class='ocrx_word' id='word_1_565' title='bbox 924 4071 1001 4141; x_wconf 83' lang='grc' dir='ltr'>Νηρι-</span> <span class='ocrx_word' id='word_1_566' title='bbox 1045 4082 1115 4123; x_wconf 80' lang='lat' dir='ltr'>recte</span> <span class='ocrx_word' id='word_1_567' title='bbox 1139 4081 1251 4123; x_wconf 79' lang='lat' dir='ltr'><strong>statuere</strong></span> <span class='ocrx_word' id='word_1_568' title='bbox 1274 4070 1386 4133; x_wconf 77' lang='lat' dir='ltr'>videtur,</span> <span class='ocrx_word' id='word_1_569' title='bbox 1408 4071 1467 4124; x_wconf 81' lang='lat' dir='ltr'>coll.</span> <span class='ocrx_word' id='word_1_570' title='bbox 1490 4073 1577 4141; x_wconf 87' lang='lat' dir='ltr'><strong>Etym.</strong></span> <span class='ocrx_word' id='word_1_571' title='bbox 1592 4075 1629 4127; x_wconf 84' lang='grc' dir='ltr'>Μ,</span> <span class='ocrx_word' id='word_1_572' title='bbox 1643 4091 1670 4144; x_wconf 90' lang='grc' dir='ltr'>ρ.</span> <span class='ocrx_word' id='word_1_573' title='bbox 1688 4089 1750 4142; x_wconf 87' lang='lat'>117,</span> <span class='ocrx_word' id='word_1_574' title='bbox 1767 4075 1799 4142; x_wconf 80' lang='lat'>37</span> <span class='ocrx_word' id='word_1_575' title='bbox 1814 4091 1820 4124; x_wconf 91' lang='lat'>:</span> 
     </span>
     <span class='ocr_line' id='line_1_44' title="bbox 226 4144 1822 4221; baseline 0.006 -25"><span class='ocrx_word' id='word_1_576' title='bbox 226 4146 280 4197; x_wconf 86' lang='grc' dir='ltr'>κίου</span> <span class='ocrx_word' id='word_1_577' title='bbox 292 4144 366 4198; x_wconf 74' lang='grc' dir='ltr'>ἐστίν.</span> <span class='ocrx_word' id='word_1_578' title='bbox 380 4149 391 4214; x_wconf 88' lang='grc' dir='ltr'>ΙΙ</span> <span class='ocrx_word' id='word_1_579' title='bbox 403 4177 438 4187; x_wconf 95' lang='grc'>-</span> <span class='ocrx_word' id='word_1_580' title='bbox 449 4165 475 4215; x_wconf 88' lang='lat'>7.</span> <span class='ocrx_word' id='word_1_581' title='bbox 492 4144 634 4216; x_wconf 79' lang='grc' dir='ltr'>Ἀχελώιος,</span> <span class='ocrx_word' id='word_1_582' title='bbox 646 4147 755 4218; x_wconf 77' lang='grc' dir='ltr'>ποταμὸς</span> <span class='ocrx_word' id='word_1_583' title='bbox 762 4147 967 4214; x_wconf 84' lang='grc' dir='ltr'>Πελοποννήσου,</span> <span class='ocrx_word' id='word_1_584' title='bbox 977 4149 1001 4210; x_wconf 77' lang='grc' dir='ltr'>ἐξ</span> <span class='ocrx_word' id='word_1_585' title='bbox 1045 4147 1134 4207; x_wconf 81' lang='grc' dir='ltr'>Φιλέας</span> <span class='ocrx_word' id='word_1_586' title='bbox 1147 4148 1172 4200; x_wconf 82' lang='grc' dir='ltr'>δὲ</span> <span class='ocrx_word' id='word_1_587' title='bbox 1185 4153 1278 4216; x_wconf 80' lang='grc' dir='ltr'>πρῶτον</span> <span class='ocrx_word' id='word_1_588' title='bbox 1294 4148 1394 4216; x_wconf 80' lang='grc' dir='ltr'>βασιλέα</span> <span class='ocrx_word' id='word_1_589' title='bbox 1408 4149 1498 4218; x_wconf 77' lang='lat' dir='ltr'>(Cypri</span> <span class='ocrx_word' id='word_1_590' title='bbox 1512 4149 1574 4220; x_wconf 84' lang='lat' dir='ltr'>ins.)</span> <span class='ocrx_word' id='word_1_591' title='bbox 1589 4147 1661 4221; x_wconf 80' lang='grc' dir='ltr'>’λῷον</span> <span class='ocrx_word' id='word_1_592' title='bbox 1677 4149 1753 4213; x_wconf 73' lang='grc' dir='ltr'>Ἠοῦς</span> <span class='ocrx_word' id='word_1_593' title='bbox 1765 4153 1822 4205; x_wconf 76' lang='grc' dir='ltr'>ὄντα</span> 
     </span>
     <span class='ocr_line' id='line_1_45' title="bbox 227 4217 1820 4300; baseline 0.007 -28"><span class='ocrx_word' id='word_1_594' title='bbox 227 4217 256 4272; x_wconf 86' lang='grc' dir='ltr'>οὐ</span> <span class='ocrx_word' id='word_1_595' title='bbox 268 4218 313 4285; x_wconf 81' lang='grc' dir='ltr'>τὴν</span> <span class='ocrx_word' id='word_1_596' title='bbox 327 4222 515 4289; x_wconf 87' lang='grc' dir='ltr'>Πελοπόννησον</span> <span class='ocrx_word' id='word_1_597' title='bbox 524 4225 606 4289; x_wconf 85' lang='grc' dir='ltr'>δηλοῖ.</span> <span class='ocrx_word' id='word_1_598' title='bbox 618 4224 676 4293; x_wconf 82' lang='grc' dir='ltr'>ρασλ</span> <span class='ocrx_word' id='word_1_599' title='bbox 684 4224 846 4295; x_wconf 57' lang='grc' dir='ltr'>γὰρηήλιος.</span> <span class='ocrx_word' id='word_1_600' title='bbox 859 4227 922 4278; x_wconf 79' lang='grc' dir='ltr'>ΕΗ.</span> <span class='ocrx_word' id='word_1_601' title='bbox 938 4227 950 4293; x_wconf 81' lang='grc' dir='ltr'>ΙΙ</span> <span class='ocrx_word' id='word_1_602' title='bbox 965 4255 1001 4265; x_wconf 92' lang='grc'>-</span> <span class='ocrx_word' id='word_1_603' title='bbox 1045 4225 1086 4274; x_wconf 78' lang='grc' dir='ltr'>καὶ</span> <span class='ocrx_word' id='word_1_604' title='bbox 1104 4224 1214 4295; x_wconf 84' lang='grc' dir='ltr'>Κεράλου</span> <span class='ocrx_word' id='word_1_605' title='bbox 1233 4234 1283 4278; x_wconf 82' lang='lat' dir='ltr'>etc.</span> <span class='ocrx_word' id='word_1_606' title='bbox 1300 4227 1335 4277; x_wconf 90' lang='lat' dir='ltr'>V.</span> <span class='ocrx_word' id='word_1_607' title='bbox 1348 4225 1494 4278; x_wconf 74' lang='lat' dir='ltr'>Meinekius</span> <span class='ocrx_word' id='word_1_608' title='bbox 1517 4228 1545 4278; x_wconf 86' lang='lat' dir='ltr'>in</span> <span class='ocrx_word' id='word_1_609' title='bbox 1563 4227 1678 4283; x_wconf 79' lang='lat' dir='ltr'>Analect.</span> <span class='ocrx_word' id='word_1_610' title='bbox 1693 4229 1771 4283; x_wconf 79' lang='lat' dir='ltr'>Alex.</span> <span class='ocrx_word' id='word_1_611' title='bbox 1794 4247 1820 4300; x_wconf 84' lang='lat' dir='ltr'>p.</span> 
     </span>
     <span class='ocr_line' id='line_1_46' title="bbox 227 4301 1822 4375; baseline 0.004 -23"><span class='ocrx_word' id='word_1_612' title='bbox 227 4319 254 4369; x_wconf 87' lang='lat'>9.</span> <span class='ocrx_word' id='word_1_613' title='bbox 268 4302 353 4370; x_wconf 80' lang='grc' dir='ltr'>νῆσον]</span> <span class='ocrx_word' id='word_1_614' title='bbox 366 4305 414 4370; x_wconf 80' lang='grc' dir='ltr'>γῆν</span> <span class='ocrx_word' id='word_1_615' title='bbox 425 4305 460 4355; x_wconf 81' lang='lat' dir='ltr'>E.</span> <span class='ocrx_word' id='word_1_616' title='bbox 473 4301 513 4354; x_wconf 80' lang='lat' dir='ltr'>Cf.</span> <span class='ocrx_word' id='word_1_617' title='bbox 534 4305 644 4355; x_wconf 79' lang='lat' dir='ltr'><strong>Pausan.</strong></span> <span class='ocrx_word' id='word_1_618' title='bbox 660 4306 686 4365; x_wconf 90' lang='lat'>8,</span> <span class='ocrx_word' id='word_1_619' title='bbox 700 4305 744 4364; x_wconf 78' lang='grc' dir='ltr'>οῖς.</span> <span class='ocrx_word' id='word_1_620' title='bbox 763 4303 773 4370; x_wconf 92' lang='grc' dir='ltr'>ΙΙ</span> <span class='ocrx_word' id='word_1_621' title='bbox 788 4333 823 4343; x_wconf 93' lang='grc'>-</span> <span class='ocrx_word' id='word_1_622' title='bbox 838 4319 879 4356; x_wconf 87' lang='lat'>10.</span> <span class='ocrx_word' id='word_1_623' title='bbox 893 4301 1002 4372; x_wconf 82' lang='grc' dir='ltr'>ποταμθς</span> <span class='ocrx_word' id='word_1_624' title='bbox 1045 4317 1096 4370; x_wconf 81' lang='lat'>²79</span> <span class='ocrx_word' id='word_1_625' title='bbox 1114 4320 1153 4372; x_wconf 83' lang='lat' dir='ltr'>sq.</span> <span class='ocrx_word' id='word_1_626' title='bbox 1172 4304 1183 4370; x_wconf 81' lang='grc'>1]</span> <span class='ocrx_word' id='word_1_627' title='bbox 1202 4332 1237 4342; x_wconf 99' lang='grc'>-</span> <span class='ocrx_word' id='word_1_628' title='bbox 1252 4302 1295 4356; x_wconf 86' lang='grc'>38.</span> <span class='ocrx_word' id='word_1_629' title='bbox 1318 4302 1470 4375; x_wconf 81' lang='grc' dir='ltr'>Θυμαρίτην]</span> <span class='ocrx_word' id='word_1_630' title='bbox 1488 4303 1620 4374; x_wconf 82' lang='grc' dir='ltr'>θυμαρέτιν</span> <span class='ocrx_word' id='word_1_631' title='bbox 1637 4307 1718 4360; x_wconf 81' lang='lat' dir='ltr'><strong>codd.</strong></span> <span class='ocrx_word' id='word_1_632' title='bbox 1731 4311 1822 4362; x_wconf 65' lang='grc' dir='ltr'>(ἕσπεο</span> 
     </span>
     <span class='ocr_line' id='line_1_47' title="bbox 227 4377 1824 4450; baseline 0.007 -22"><span class='ocrx_word' id='word_1_633' title='bbox 227 4377 428 4443; x_wconf 83' lang='grc' dir='ltr'>Πελοποννήσου·</span> <span class='ocrx_word' id='word_1_634' title='bbox 440 4379 517 4444; x_wconf 83' lang='grc' dir='ltr'>δηλοῖ</span> <span class='ocrx_word' id='word_1_635' title='bbox 525 4378 551 4431; x_wconf 75' lang='grc' dir='ltr'>δὲ</span> <span class='ocrx_word' id='word_1_636' title='bbox 560 4383 602 4444; x_wconf 81' lang='grc' dir='ltr'>τῆς</span> <span class='ocrx_word' id='word_1_637' title='bbox 619 4379 713 4448; x_wconf 80' lang='grc' dir='ltr'>Κρήτης</span> <span class='ocrx_word' id='word_1_638' title='bbox 726 4383 760 4433; x_wconf 86' lang='grc' dir='ltr'>Ε.</span> <span class='ocrx_word' id='word_1_639' title='bbox 776 4382 893 4447; x_wconf 78' lang='grc' dir='ltr'>11-α5.</span> <span class='ocrx_word' id='word_1_640' title='bbox 909 4380 999 4450; x_wconf 83' lang='grc' dir='ltr'>αὐτῶν]</span> <span class='ocrx_word' id='word_1_641' title='bbox 1045 4378 1095 4431; x_wconf 82' lang='grc' dir='ltr'>ίιοε</span> <span class='ocrx_word' id='word_1_642' title='bbox 1105 4381 1210 4432; x_wconf 86' lang='lat' dir='ltr'>nomine</span> <span class='ocrx_word' id='word_1_643' title='bbox 1223 4380 1382 4433; x_wconf 73' lang='lat' dir='ltr'>subindioeri</span> <span class='ocrx_word' id='word_1_644' title='bbox 1393 4391 1496 4450; x_wconf 81' lang='lat' dir='ltr'>gentem</span> <span class='ocrx_word' id='word_1_645' title='bbox 1510 4380 1693 4436; x_wconf 69' lang='lat' dir='ltr'>saoerdoialem</span> <span class='ocrx_word' id='word_1_646' title='bbox 1706 4387 1824 4439; x_wconf 74' lang='lat' dir='ltr'>Tamira-</span> 
     </span>
     <span class='ocr_line' id='line_1_48' title="bbox 226 4451 1823 4533; baseline 0.007 -29"><span class='ocrx_word' id='word_1_647' title='bbox 226 4451 288 4506; x_wconf 79' lang='grc' dir='ltr'>αὐτὰ</span> <span class='ocrx_word' id='word_1_648' title='bbox 299 4457 336 4506; x_wconf 84' lang='lat' dir='ltr'>H.</span> <span class='ocrx_word' id='word_1_649' title='bbox 351 4455 408 4522; x_wconf 76' lang='grc' dir='ltr'>ΙΙ-</span> <span class='ocrx_word' id='word_1_650' title='bbox 418 4458 461 4506; x_wconf 84' lang='grc' dir='ltr'>ο6.</span> <span class='ocrx_word' id='word_1_651' title='bbox 473 4454 516 4508; x_wconf 77' lang='grc' dir='ltr'>καὶ</span> <span class='ocrx_word' id='word_1_652' title='bbox 527 4457 652 4526; x_wconf 86' lang='grc' dir='ltr'>κοινότερα</span> <span class='ocrx_word' id='word_1_653' title='bbox 665 4455 702 4507; x_wconf 84' lang='lat' dir='ltr'>vel</span> <span class='ocrx_word' id='word_1_654' title='bbox 712 4455 753 4506; x_wconf 79' lang='grc' dir='ltr'>καὶ</span> <span class='ocrx_word' id='word_1_655' title='bbox 763 4455 794 4506; x_wconf 83' lang='grc' dir='ltr'>τὰ</span> <span class='ocrx_word' id='word_1_656' title='bbox 807 4455 935 4526; x_wconf 79' lang='grc' dir='ltr'>γνώτεραῖ</span> <span class='ocrx_word' id='word_1_657' title='bbox 944 4457 955 4524; x_wconf 76' lang='grc' dir='ltr'>ΙΙ</span> <span class='ocrx_word' id='word_1_658' title='bbox 966 4483 1002 4494; x_wconf 94' lang='grc'>-</span> <span class='ocrx_word' id='word_1_659' title='bbox 1045 4456 1138 4510; x_wconf 82' lang='lat' dir='ltr'><strong>darum</strong></span> <span class='ocrx_word' id='word_1_660' title='bbox 1153 4459 1245 4524; x_wconf 81' lang='lat' dir='ltr'>(Tacit.</span> <span class='ocrx_word' id='word_1_661' title='bbox 1270 4456 1339 4514; x_wconf 78' lang='lat' dir='ltr'>nist.</span> <span class='ocrx_word' id='word_1_662' title='bbox 1353 4475 1384 4522; x_wconf 84' lang='grc' dir='ltr'>ο,</span> <span class='ocrx_word' id='word_1_663' title='bbox 1401 4459 1416 4511; x_wconf 82' lang='grc'>3</span> <span class='ocrx_word' id='word_1_664' title='bbox 1427 4480 1435 4524; x_wconf 82' lang='grc' dir='ltr'>ς</span> <span class='ocrx_word' id='word_1_665' title='bbox 1448 4461 1560 4532; x_wconf 72' lang='lat' dir='ltr'>Hesych.</span> <span class='ocrx_word' id='word_1_666' title='bbox 1576 4477 1600 4513; x_wconf 86' lang='lat' dir='ltr'>v.</span> <span class='ocrx_word' id='word_1_667' title='bbox 1614 4461 1765 4532; x_wconf 81' lang='grc' dir='ltr'>Ταμιράδαι)</span> <span class='ocrx_word' id='word_1_668' title='bbox 1779 4466 1823 4533; x_wconf 85' lang='lat' dir='ltr'>qui</span> 
     </span>
    </p>

    <p class='ocr_par' dir='ltr' id='par_1_7' title="bbox 174 4526 1822 5235">
     <span class='ocr_line' id='line_1_49' title="bbox 174 4526 1821 4617; baseline 0.005 -25"><span class='ocrx_word' id='word_1_669' title='bbox 174 4539 181 4550; x_wconf 84' lang='lat'><em>&#39;</em></span> <span class='ocrx_word' id='word_1_670' title='bbox 228 4526 271 4585; x_wconf 77' lang='lat'>³3·</span> <span class='ocrx_word' id='word_1_671' title='bbox 286 4530 774 4602; x_wconf 72' lang='grc' dir='ltr'>’Υων..1ίέτττε]υἱθι...ιέλτιτεοᾰά.,</span> <span class='ocrx_word' id='word_1_672' title='bbox 789 4535 839 4585; x_wconf 68' lang='grc' dir='ltr'>ὓίθῑ</span> <span class='ocrx_word' id='word_1_673' title='bbox 850 4533 921 4603; x_wconf 76' lang='lat' dir='ltr'>qu⁰d</span> <span class='ocrx_word' id='word_1_674' title='bbox 936 4533 964 4586; x_wconf 74' lang='grc' dir='ltr'>ίῡ</span> <span class='ocrx_word' id='word_1_675' title='bbox 985 4537 1002 4588; x_wconf 84' lang='lat' dir='ltr'><em>l</em></span> <span class='ocrx_word' id='word_1_676' title='bbox 1045 4561 1059 4596; x_wconf 86' lang='lat' dir='ltr'>e</span> <span class='ocrx_word' id='word_1_677' title='bbox 1073 4542 1162 4595; x_wconf 77' lang='lat' dir='ltr'>Cilicia</span> <span class='ocrx_word' id='word_1_678' title='bbox 1172 4545 1199 4595; x_wconf 91' lang='lat' dir='ltr'>in</span> <span class='ocrx_word' id='word_1_679' title='bbox 1212 4543 1328 4613; x_wconf 78' lang='lat' dir='ltr'>Cyprum</span> <span class='ocrx_word' id='word_1_680' title='bbox 1341 4555 1485 4610; x_wconf 79' lang='lat' dir='ltr'>venerunt,</span> <span class='ocrx_word' id='word_1_681' title='bbox 1499 4555 1586 4598; x_wconf 81' lang='lat' dir='ltr'>oenset</span> <span class='ocrx_word' id='word_1_682' title='bbox 1594 4547 1709 4598; x_wconf 76' lang='grc' dir='ltr'>Μονειε.</span> <span class='ocrx_word' id='word_1_683' title='bbox 1725 4547 1744 4600; x_wconf 90' lang='grc'>1.</span> <span class='ocrx_word' id='word_1_684' title='bbox 1761 4549 1778 4602; x_wconf 94' lang='grc' dir='ltr'>Ι.</span> <span class='ocrx_word' id='word_1_685' title='bbox 1793 4564 1821 4617; x_wconf 82' lang='grc' dir='ltr'>ρ.</span> 
     </span>
     <span class='ocr_line' id='line_1_50' title="bbox 225 4607 1822 4692; baseline 0.006 -30"><span class='ocrx_word' id='word_1_686' title='bbox 225 4607 319 4679; x_wconf 75' lang='lat' dir='ltr'>legitur</span> <span class='ocrx_word' id='word_1_687' title='bbox 330 4609 362 4671; x_wconf 85' lang='grc' dir='ltr'>είς</span> <span class='ocrx_word' id='word_1_688' title='bbox 372 4612 402 4677; x_wconf 77' lang='grc' dir='ltr'>ἣν</span> <span class='ocrx_word' id='word_1_689' title='bbox 411 4609 466 4672; x_wconf 83' lang='grc' dir='ltr'>Αῖθς</span> <span class='ocrx_word' id='word_1_690' title='bbox 478 4610 491 4662; x_wconf 89' lang='grc' dir='ltr'>ό</span> <span class='ocrx_word' id='word_1_691' title='bbox 503 4611 554 4673; x_wconf 83' lang='grc' dir='ltr'>υίδς</span> <span class='ocrx_word' id='word_1_692' title='bbox 566 4609 696 4682; x_wconf 79' lang='grc' dir='ltr'>Αἰγυπτίου</span> <span class='ocrx_word' id='word_1_693' title='bbox 703 4613 807 4683; x_wconf 83' lang='grc' dir='ltr'>ᾤκησεν.</span> <span class='ocrx_word' id='word_1_694' title='bbox 821 4612 932 4666; x_wconf 83' lang='lat' dir='ltr'>Emend.</span> <span class='ocrx_word' id='word_1_695' title='bbox 943 4613 1001 4666; x_wconf 85' lang='lat' dir='ltr'>Mo·</span> <span class='ocrx_word' id='word_1_696' title='bbox 1045 4622 1097 4688; x_wconf 78' lang='lat'>237</span> <span class='ocrx_word' id='word_1_697' title='bbox 1116 4631 1142 4674; x_wconf 79' lang='lat' dir='ltr'>et</span> <span class='ocrx_word' id='word_1_698' title='bbox 1161 4621 1222 4690; x_wconf 75' lang='lat'>²7⁵·</span> <span class='ocrx_word' id='word_1_699' title='bbox 1239 4623 1250 4690; x_wconf 77' lang='grc' dir='ltr'>Ι]</span> <span class='ocrx_word' id='word_1_700' title='bbox 1262 4651 1298 4662; x_wconf 93' lang='grc'>-</span> <span class='ocrx_word' id='word_1_701' title='bbox 1311 4639 1334 4674; x_wconf 86' lang='lat'>1.</span> <span class='ocrx_word' id='word_1_702' title='bbox 1361 4619 1492 4692; x_wconf 72' lang='grc' dir='ltr'>Ὀξόηαρον</span> <span class='ocrx_word' id='word_1_703' title='bbox 1507 4622 1597 4687; x_wconf 78' lang='lat' dir='ltr'>codd,;</span> <span class='ocrx_word' id='word_1_704' title='bbox 1611 4641 1664 4677; x_wconf 81' lang='lat' dir='ltr'>em,</span> <span class='ocrx_word' id='word_1_705' title='bbox 1678 4625 1778 4678; x_wconf 79' lang='lat' dir='ltr'>Bernh‚</span> <span class='ocrx_word' id='word_1_706' title='bbox 1792 4643 1822 4677; x_wconf 63' lang='grc' dir='ltr'>ει</span> 
     </span>
     <span class='ocr_line' id='line_1_51' title="bbox 226 4688 1820 4771; baseline 0.011 -34"><span class='ocrx_word' id='word_1_707' title='bbox 226 4703 292 4739; x_wconf 71' lang='grc' dir='ltr'>νοτε.</span> <span class='ocrx_word' id='word_1_708' title='bbox 303 4688 417 4741; x_wconf 77' lang='grc' dir='ltr'>Ράαειία.</span> <span class='ocrx_word' id='word_1_709' title='bbox 427 4699 491 4743; x_wconf 77' lang='lat' dir='ltr'>tom.</span> <span class='ocrx_word' id='word_1_710' title='bbox 505 4705 531 4753; x_wconf 83' lang='grc' dir='ltr'>ο,</span> <span class='ocrx_word' id='word_1_711' title='bbox 544 4707 571 4760; x_wconf 87' lang='grc' dir='ltr'>ρ.</span> <span class='ocrx_word' id='word_1_712' title='bbox 585 4695 646 4754; x_wconf 77' lang='grc' dir='ltr'>οοὶς,</span> <span class='ocrx_word' id='word_1_713' title='bbox 658 4690 750 4742; x_wconf 82' lang='grc' dir='ltr'>σοῖίιιιο</span> <span class='ocrx_word' id='word_1_714' title='bbox 760 4691 850 4742; x_wconf 76' lang='lat' dir='ltr'>Servio</span> <span class='ocrx_word' id='word_1_715' title='bbox 860 4689 894 4742; x_wconf 81' lang='lat' dir='ltr'>ad</span> <span class='ocrx_word' id='word_1_716' title='bbox 904 4691 999 4760; x_wconf 78' lang='lat' dir='ltr'>virgil.</span> <span class='ocrx_word' id='word_1_717' title='bbox 1045 4697 1198 4770; x_wconf 78' lang='lat' dir='ltr'>Apollodor.</span> <span class='ocrx_word' id='word_1_718' title='bbox 1215 4697 1241 4764; x_wconf 84' lang='lat'>3,</span> <span class='ocrx_word' id='word_1_719' title='bbox 1265 4702 1306 4764; x_wconf 73' lang='grc' dir='ltr'>τά,</span> <span class='ocrx_word' id='word_1_720' title='bbox 1321 4697 1346 4753; x_wconf 82' lang='grc'>3.</span> <span class='ocrx_word' id='word_1_721' title='bbox 1366 4699 1376 4768; x_wconf 84' lang='grc' dir='ltr'>ΙΙ</span> <span class='ocrx_word' id='word_1_722' title='bbox 1394 4729 1428 4740; x_wconf 92' lang='lat'><em>-</em></span> <span class='ocrx_word' id='word_1_723' title='bbox 1439 4716 1466 4754; x_wconf 81' lang='grc' dir='ltr'>ο.</span> <span class='ocrx_word' id='word_1_724' title='bbox 1482 4699 1573 4754; x_wconf 84' lang='grc' dir='ltr'>ἔπεισεν</span> <span class='ocrx_word' id='word_1_725' title='bbox 1588 4699 1708 4769; x_wconf 75' lang='grc' dir='ltr'>ἡρπάσθαι</span> <span class='ocrx_word' id='word_1_726' title='bbox 1721 4720 1747 4754; x_wconf 90' lang='grc' dir='ltr'>ν.</span> <span class='ocrx_word' id='word_1_727' title='bbox 1769 4701 1788 4756; x_wconf 88' lang='lat' dir='ltr'>i.</span> <span class='ocrx_word' id='word_1_728' title='bbox 1809 4703 1820 4771; x_wconf 72' lang='lat' dir='ltr'>fl</span> 
     </span>
     <span class='ocr_line' id='line_1_52' title="bbox 226 4760 1820 4851; baseline 0.003 -24"><span class='ocrx_word' id='word_1_729' title='bbox 226 4760 315 4847; x_wconf 60' lang='lat' dir='ltr'>BQ&#39;·</span> <span class='ocrx_word' id='word_1_730' title='bbox 329 4769 398 4851; x_wconf 36' lang='lat' dir='ltr'>¹⁰».ss</span> <span class='ocrx_word' id='word_1_731' title='bbox 415 4782 421 4818; x_wconf 88' lang='lat'>:</span> <span class='ocrx_word' id='word_1_732' title='bbox 435 4770 479 4818; x_wconf 72' lang='lat' dir='ltr'>Et</span> <span class='ocrx_word' id='word_1_733' title='bbox 489 4769 601 4838; x_wconf 72' lang='lat' dir='ltr'><em>AEgypto</em></span> <span class='ocrx_word' id='word_1_734' title='bbox 613 4766 724 4838; x_wconf 72' lang='lat' dir='ltr'>Epivios</span> <span class='ocrx_word' id='word_1_735' title='bbox 737 4778 763 4818; x_wconf 78' lang='lat' dir='ltr'>e!</span> <span class='ocrx_word' id='word_1_736' title='bbox 771 4769 894 4823; x_wconf 72' lang='lat' dir='ltr'>Asterius</span> <span class='ocrx_word' id='word_1_737' title='bbox 912 4770 999 4842; x_wconf 57' lang='grc' dir='ltr'>(ἱδροῖ</span> <span class='ocrx_word' id='word_1_738' title='bbox 1043 4805 1080 4818; x_wconf 91' lang='grc'><strong>-</strong></span> <span class='ocrx_word' id='word_1_739' title='bbox 1093 4777 1119 4829; x_wconf 83' lang='grc'>3.</span> <span class='ocrx_word' id='word_1_740' title='bbox 1135 4775 1226 4847; x_wconf 78' lang='grc' dir='ltr'>πέμψας</span> <span class='ocrx_word' id='word_1_741' title='bbox 1240 4774 1324 4841; x_wconf 58' lang='lat' dir='ltr'>iveni</span> <span class='ocrx_word' id='word_1_742' title='bbox 1339 4776 1431 4838; x_wconf 83' lang='grc' dir='ltr'>Βύόλος</span> <span class='ocrx_word' id='word_1_743' title='bbox 1443 4775 1495 4831; x_wconf 71' lang='grc' dir='ltr'>ἐστὶ</span> <span class='ocrx_word' id='word_1_744' title='bbox 1507 4777 1571 4848; x_wconf 74' lang='grc' dir='ltr'>παρὰ</span> <span class='ocrx_word' id='word_1_745' title='bbox 1585 4783 1688 4849; x_wconf 71' lang='grc' dir='ltr'>ποταμῷ</span> <span class='ocrx_word' id='word_1_746' title='bbox 1700 4790 1752 4834; x_wconf 81' lang='lat' dir='ltr'>etc.</span> <span class='ocrx_word' id='word_1_747' title='bbox 1764 4798 1789 4834; x_wconf 83' lang='lat' dir='ltr'>v.</span> <span class='ocrx_word' id='word_1_748' title='bbox 1803 4779 1820 4832; x_wconf 93' lang='grc' dir='ltr'>Ι.</span> 
     </span>
     <span class='ocr_line' id='line_1_53' title="bbox 229 4843 1821 4927; baseline 0.008 -37"><span class='ocrx_word' id='word_1_749' title='bbox 229 4851 412 4926; x_wconf 68' lang='grc' dir='ltr'>υιοεεαορετιιισ</span> <span class='ocrx_word' id='word_1_750' title='bbox 423 4843 505 4911; x_wconf 79' lang='lat' dir='ltr'>vulg.)</span> <span class='ocrx_word' id='word_1_751' title='bbox 515 4855 541 4895; x_wconf 84' lang='lat' dir='ltr'>et</span> <span class='ocrx_word' id='word_1_752' title='bbox 557 4849 608 4898; x_wconf 75' lang='lat' dir='ltr'>Yon</span> <span class='ocrx_word' id='word_1_753' title='bbox 610 4844 713 4912; x_wconf 75' lang='lat' dir='ltr'>fratres</span> <span class='ocrx_word' id='word_1_754' title='bbox 721 4843 758 4895; x_wconf 84' lang='lat' dir='ltr'>ad</span> <span class='ocrx_word' id='word_1_755' title='bbox 771 4845 883 4898; x_wconf 79' lang='lat' dir='ltr'>insulam</span> <span class='ocrx_word' id='word_1_756' title='bbox 892 4850 1001 4919; x_wconf 61' lang='lat' dir='ltr'><em>cyprum</em></span> <span class='ocrx_word' id='word_1_757' title='bbox 1048 4855 1059 4924; x_wconf 80' lang='grc' dir='ltr'>Ι]</span> <span class='ocrx_word' id='word_1_758' title='bbox 1075 4883 1112 4895; x_wconf 90' lang='grc'>..-</span> <span class='ocrx_word' id='word_1_759' title='bbox 1125 4871 1165 4907; x_wconf 88' lang='lat'>11.</span> <span class='ocrx_word' id='word_1_760' title='bbox 1180 4847 1283 4923; x_wconf 77' lang='grc' dir='ltr'>δςΐοθυ]</span> <span class='ocrx_word' id='word_1_761' title='bbox 1294 4854 1371 4919; x_wconf 72' lang='grc' dir='ltr'>δῆλον</span> <span class='ocrx_word' id='word_1_762' title='bbox 1386 4874 1410 4908; x_wconf 81' lang='lat' dir='ltr'>v,</span> <span class='ocrx_word' id='word_1_763' title='bbox 1422 4855 1440 4908; x_wconf 87' lang='grc'>1,</span> <span class='ocrx_word' id='word_1_764' title='bbox 1459 4856 1470 4924; x_wconf 81' lang='grc' dir='ltr'>ΙΙ</span> <span class='ocrx_word' id='word_1_765' title='bbox 1485 4887 1521 4899; x_wconf 91' lang='lat'>..</span> <span class='ocrx_word' id='word_1_766' title='bbox 1531 4857 1575 4909; x_wconf 77' lang='lat'>25,</span> <span class='ocrx_word' id='word_1_767' title='bbox 1588 4857 1629 4909; x_wconf 68' lang='grc' dir='ltr'>χαὶ</span> <span class='ocrx_word' id='word_1_768' title='bbox 1642 4859 1731 4927; x_wconf 64' lang='grc' dir='ltr'>τροπῇ]</span> <span class='ocrx_word' id='word_1_769' title='bbox 1748 4875 1821 4912; x_wconf 64' lang='lat' dir='ltr'>ma.</span> 
     </span>
     <span class='ocr_line' id='line_1_54' title="bbox 224 4915 1822 5003; baseline 0.011 -34"><span class='ocrx_word' id='word_1_770' title='bbox 224 4915 338 4984; x_wconf 76' lang='lat' dir='ltr'>profem</span> <span class='ocrx_word' id='word_1_771' title='bbox 346 4930 421 4982; x_wconf 77' lang='lat' dir='ltr'><em>sunt,</em></span> <span class='ocrx_word' id='word_1_772' title='bbox 432 4933 509 4992; x_wconf 79' lang='lat' dir='ltr'><em>atque</em></span> <span class='ocrx_word' id='word_1_773' title='bbox 522 4921 559 4973; x_wconf 80' lang='lat' dir='ltr'>ibi</span> <span class='ocrx_word' id='word_1_774' title='bbox 567 4921 658 4974; x_wconf 73' lang='lat' dir='ltr'>sortiti</span> <span class='ocrx_word' id='word_1_775' title='bbox 665 4940 766 4974; x_wconf 81' lang='lat' dir='ltr'>uxores.</span> <span class='ocrx_word' id='word_1_776' title='bbox 784 4925 828 4975; x_wconf 78' lang='lat' dir='ltr'>Ex</span> <span class='ocrx_word' id='word_1_777' title='bbox 835 4943 944 4994; x_wconf 79' lang='lat' dir='ltr'><em>quorum</em></span> <span class='ocrx_word' id='word_1_778' title='bbox 958 4944 1000 4993; x_wconf 74' lang='lat' dir='ltr'>ge·</span> <span class='ocrx_word' id='word_1_779' title='bbox 1044 4935 1122 5003; x_wconf 82' lang='grc' dir='ltr'>τροπῇ</span> <span class='ocrx_word' id='word_1_780' title='bbox 1133 4931 1223 4995; x_wconf 82' lang='lat' dir='ltr'>eodd.;</span> <span class='ocrx_word' id='word_1_781' title='bbox 1239 4947 1290 4986; x_wconf 89' lang='lat' dir='ltr'>em.</span> <span class='ocrx_word' id='word_1_782' title='bbox 1306 4933 1355 4984; x_wconf 85' lang='lat' dir='ltr'>Bh.</span> <span class='ocrx_word' id='word_1_783' title='bbox 1373 4933 1384 5002; x_wconf 92' lang='grc' dir='ltr'>ΙΙ</span> <span class='ocrx_word' id='word_1_784' title='bbox 1402 4963 1438 4974; x_wconf 89' lang='grc'>--</span> <span class='ocrx_word' id='word_1_785' title='bbox 1452 4933 1495 4986; x_wconf 79' lang='grc'>36.</span> <span class='ocrx_word' id='word_1_786' title='bbox 1510 4939 1578 4988; x_wconf 73' lang='lat' dir='ltr'>Ante</span> <span class='ocrx_word' id='word_1_787' title='bbox 1589 4933 1635 4986; x_wconf 82' lang='grc' dir='ltr'>εἶσλ</span> <span class='ocrx_word' id='word_1_788' title='bbox 1647 4933 1775 4987; x_wconf 82' lang='lat' dir='ltr'>excidisse</span> <span class='ocrx_word' id='word_1_789' title='bbox 1788 4937 1822 4987; x_wconf 81' lang='grc' dir='ltr'>νῖ-</span> 
     </span>
     <span class='ocr_line' id='line_1_55' title="bbox 227 4999 1820 5080; baseline 0.013 -38"><span class='ocrx_word' id='word_1_790' title='bbox 227 5009 285 5080; x_wconf 75' lang='grc' dir='ltr'>ιιετρ</span> <span class='ocrx_word' id='word_1_791' title='bbox 305 4999 373 5047; x_wconf 75' lang='lat' dir='ltr'>Ceres</span> <span class='ocrx_word' id='word_1_792' title='bbox 390 4999 468 5062; x_wconf 78' lang='lat' dir='ltr'>(Celes</span> <span class='ocrx_word' id='word_1_793' title='bbox 490 4999 580 5067; x_wconf 79' lang='lat' dir='ltr'><strong>vulgo)</strong></span> <span class='ocrx_word' id='word_1_794' title='bbox 594 5011 747 5071; x_wconf 74' lang='lat' dir='ltr'>pmcreatus</span> <span class='ocrx_word' id='word_1_795' title='bbox 763 5013 815 5063; x_wconf 80' lang='lat' dir='ltr'>est,</span> <span class='ocrx_word' id='word_1_796' title='bbox 838 5001 886 5071; x_wconf 80' lang='lat' dir='ltr'>qui</span> <span class='ocrx_word' id='word_1_797' title='bbox 906 5004 1000 5058; x_wconf 79' lang='grc' dir='ltr'>όαύαἰι</span> <span class='ocrx_word' id='word_1_798' title='bbox 1045 5009 1176 5075; x_wconf 72' lang='lat' dir='ltr'>demetii&lt;</span> <span class='ocrx_word' id='word_1_799' title='bbox 1193 5007 1278 5071; x_wconf 81' lang='grc' dir='ltr'>Ἀσίας.</span> <span class='ocrx_word' id='word_1_800' title='bbox 1296 5009 1356 5078; x_wconf 76' lang='lat' dir='ltr'>ss-</span> <span class='ocrx_word' id='word_1_801' title='bbox 1370 5011 1413 5077; x_wconf 82' lang='lat'>37.</span> <span class='ocrx_word' id='word_1_802' title='bbox 1429 5007 1519 5076; x_wconf 80' lang='grc' dir='ltr'>διήκειῖι</span> <span class='ocrx_word' id='word_1_803' title='bbox 1541 5013 1577 5074; x_wconf 87' lang='grc' dir='ltr'>Ν,</span> <span class='ocrx_word' id='word_1_804' title='bbox 1593 5012 1682 5080; x_wconf 80' lang='grc' dir='ltr'>διέχειν</span> <span class='ocrx_word' id='word_1_805' title='bbox 1702 5022 1776 5076; x_wconf 83' lang='lat' dir='ltr'>cett.;</span> <span class='ocrx_word' id='word_1_806' title='bbox 1793 5011 1820 5063; x_wconf 89' lang='grc' dir='ltr'>τθ</span> 
     </span>
     <span class='ocr_line' id='line_1_56' title="bbox 227 5073 1817 5158; baseline 0.012 -36"><span class='ocrx_word' id='word_1_807' title='bbox 227 5073 379 5125; x_wconf 77' lang='lat' dir='ltr'><strong><em>Ermomam</em></strong></span> <span class='ocrx_word' id='word_1_808' title='bbox 377 5075 467 5144; x_wconf 82' lang='lat' dir='ltr'><em>filiam</em></span> <span class='ocrx_word' id='word_1_809' title='bbox 473 5089 520 5132; x_wconf 78' lang='lat' dir='ltr'>etc.</span> <span class='ocrx_word' id='word_1_810' title='bbox 528 5074 599 5147; x_wconf 72' lang='grc' dir='ltr'>Ἄϊρος</span> <span class='ocrx_word' id='word_1_811' title='bbox 608 5076 656 5146; x_wconf 85' lang='lat' dir='ltr'>iegi</span> <span class='ocrx_word' id='word_1_812' title='bbox 665 5078 745 5130; x_wconf 83' lang='lat' dir='ltr'>voluit</span> <span class='ocrx_word' id='word_1_813' title='bbox 752 5081 936 5152; x_wconf 81' lang='lat' dir='ltr'>Bernhardyus</span> <span class='ocrx_word' id='word_1_814' title='bbox 944 5093 999 5136; x_wconf 79' lang='lat' dir='ltr'>tum</span> <span class='ocrx_word' id='word_1_815' title='bbox 1044 5086 1130 5140; x_wconf 82' lang='grc' dir='ltr'>λοιπθν</span> <span class='ocrx_word' id='word_1_816' title='bbox 1144 5091 1181 5152; x_wconf 85' lang='grc' dir='ltr'>Μ,</span> <span class='ocrx_word' id='word_1_817' title='bbox 1193 5088 1234 5140; x_wconf 84' lang='grc' dir='ltr'>καλ</span> <span class='ocrx_word' id='word_1_818' title='bbox 1244 5087 1330 5140; x_wconf 83' lang='grc' dir='ltr'>λοιπθν</span> <span class='ocrx_word' id='word_1_819' title='bbox 1349 5087 1451 5158; x_wconf 82' lang='lat' dir='ltr'>reliqui.</span> <span class='ocrx_word' id='word_1_820' title='bbox 1464 5089 1585 5142; x_wconf 75' lang='lat' dir='ltr'>Ceterum</span> <span class='ocrx_word' id='word_1_821' title='bbox 1599 5089 1661 5143; x_wconf 80' lang='lat' dir='ltr'>veiis</span> <span class='ocrx_word' id='word_1_822' title='bbox 1676 5107 1681 5142; x_wconf 93' lang='lat'><strong>:</strong></span> <span class='ocrx_word' id='word_1_823' title='bbox 1695 5090 1724 5142; x_wconf 84' lang='grc' dir='ltr'>τδ</span> <span class='ocrx_word' id='word_1_824' title='bbox 1733 5089 1817 5142; x_wconf 75' lang='grc' dir='ltr'>λοιπόν</span> 
     </span>
     <span class='ocr_line' id='line_1_57' title="bbox 228 5147 1607 5235; baseline 0.012 -36"><span class='ocrx_word' id='word_1_825' title='bbox 228 5147 361 5215; x_wconf 80' lang='lat' dir='ltr'>hocloco,</span> <span class='ocrx_word' id='word_1_826' title='bbox 373 5161 429 5203; x_wconf 81' lang='lat' dir='ltr'>tum</span> <span class='ocrx_word' id='word_1_827' title='bbox 442 5152 487 5206; x_wconf 80' lang='lat' dir='ltr'>lin.</span> <span class='ocrx_word' id='word_1_828' title='bbox 499 5154 531 5206; x_wconf 80' lang='lat'>35</span> <span class='ocrx_word' id='word_1_829' title='bbox 537 5193 546 5219; x_wconf 89' lang='lat'><em>,</em></span> <span class='ocrx_word' id='word_1_830' title='bbox 558 5155 602 5208; x_wconf 89' lang='lat' dir='ltr'>ubi</span> <span class='ocrx_word' id='word_1_831' title='bbox 614 5155 672 5208; x_wconf 87' lang='lat' dir='ltr'>iibri</span> <span class='ocrx_word' id='word_1_832' title='bbox 690 5153 767 5226; x_wconf 74' lang='grc' dir='ltr'>Ἑῷον</span> <span class='ocrx_word' id='word_1_833' title='bbox 777 5176 785 5220; x_wconf 86' lang='lat'>;</span> <span class='ocrx_word' id='word_1_834' title='bbox 797 5168 823 5210; x_wconf 82' lang='lat' dir='ltr'>et</span> <span class='ocrx_word' id='word_1_835' title='bbox 834 5158 885 5212; x_wconf 87' lang='lat' dir='ltr'>hoc</span> <span class='ocrx_word' id='word_1_836' title='bbox 893 5161 1000 5229; x_wconf 83' lang='lat' dir='ltr'>quidem</span> <span class='ocrx_word' id='word_1_837' title='bbox 1044 5167 1087 5215; x_wconf 84' lang='grc' dir='ltr'>τοῦ</span> <span class='ocrx_word' id='word_1_838' title='bbox 1099 5163 1200 5233; x_wconf 75' lang='grc' dir='ltr'>Αἰγαίου</span> <span class='ocrx_word' id='word_1_839' title='bbox 1210 5164 1329 5235; x_wconf 84' lang='grc' dir='ltr'>πελάγους</span> <span class='ocrx_word' id='word_1_840' title='bbox 1343 5164 1420 5220; x_wconf 82' lang='grc' dir='ltr'>οὐκέτι</span> <span class='ocrx_word' id='word_1_841' title='bbox 1434 5165 1497 5220; x_wconf 81' lang='grc' dir='ltr'>ἕστῖν</span> <span class='ocrx_word' id='word_1_842' title='bbox 1513 5163 1607 5226; x_wconf 86' lang='grc' dir='ltr'>Ἀσίας.</span> 
     </span>
    </p>
   </div>
   <div class='ocr_carea' id='block_1_7' title="bbox 0 0 1946 5925">
    <p class='ocr_par' dir='ltr' id='par_1_8' title="bbox 0 0 1946 5925">
     <span class='ocr_line' id='line_1_58' title="bbox 0 0 1946 5925; baseline 0 1"><span class='ocrx_word' id='word_1_843' title='bbox 0 0 1946 5925; x_wconf 95' lang='lat' dir='ltr'> </span> 
     </span>
    </p>
   </div>
  </div>
 </body>
</html>
