3884 5925
269 400 310 475 ro
833 364 840 411 ²
931 396 1222 459 raocnoouma
1262 404 1269 424 ν

268 527 351 593 trans
374 530 431 593 ista
452 533 652 612 processerim
667 528 933 613 quemadmodum
957 527 1042 590 enim
1087 532 1171 590 tanto
1182 527 1305 591 facilius
1316 528 1434 592 accidit
1449 548 1547 611 quum
1560 530 1634 593 alibi
1645 546 1776 614 qaoqrm
1796 528 1877 594 Col·

268 619 417 683 nonnulla
432 636 541 683 eorum
563 639 633 701 qum
648 638 666 681 a
682 621 793 679 Nostro
814 622 986 688 narrantur,
1003 613 1043 676 ab
1087 614 1227 677 listbams
1250 622 1281 677 et
1305 617 1518 679 Eratosthenis
1539 618 1667 679 nomina
1689 625 1878 698 permutata

266 706 491 787 antiquioribus
503 702 1041 788 scriptoribustraditaesseconstat,
1088 700 1149 763 sint
1172 699 1219 781 (V.
1244 702 1369 781 Scriptt.
1386 703 1553 765 Alexandri
1568 706 1611 765 M.
1628 707 1693 783 μθ
1713 707 1805 780 not).
1824 705 1878 765 Si·

267 790 312 855 sic
338 794 430 855 etiam
467 796 548 857 inter
568 796 680 856 citatos
706 801 849 855 auctores
875 796 1044 852 occurrunt
1087 785 1202 849 nahor
1224 790 1399 870 Πλησίμαγος
1420 793 1446 851 ἐν
1471 788 1494 869 β’
1509 791 1619 851 Νόστων
1638 789 1677 872 (e.
1693 794 1722 865 t,
1747 790 1779 870 3)
1804 808 1877 851 non

266 880 393 941 nomina
402 881 528 943 aliunde
537 882 617 942 bene
632 886 719 953 nota,
735 886 766 940 et
776 877 932 939 interdum
948 876 1043 943 ctiam
1087 874 1165 937 alius
1185 879 1232 936 est
1248 875 1310 937 nisi
1322 884 1416 938 notus
1434 878 1552 939 Noston
1573 878 1705 957 scriptor
1727 877 1878 957 Lysima-

201 1022 204 1029 .
266 982 360 1045 opera
373 970 551 1030 auctoribus
572 966 636 1029 illis
658 966 815 1044 adscripta
831 964 990 1025 roveraso
1005 963 1043 1027 iis
1086 961 1179 1039 chus,
1197 982 1254 1025 nac
1268 982 1334 1027 non
1349 966 1551 1044 Kaipapaste.
1565 969 1648 1043 aa),
1664 965 1798 1029 indicna
1813 982 1879 1027 au·

264 1054 748 1134 compositalnissecompertum
759 1050 922 1113 habemus.
937 1054 1042 1129 ltaque
1086 1055 1164 1121 otor,
1180 1048 1382 1113 librariorum
1407 1055 1534 1130 stupore
1549 1057 1635 1113 orum
1657 1059 1705 1113 est
1729 1070 1770 1113 ex
1794 1049 1878 1111 Dai-

265 1138 291 1199 si
307 1140 345 1201 dc
364 1142 483 1221 Marsya
500 1140 592 1202 tluvio
608 1158 624 1201 e
639 1142 766 1219 Marsyae
781 1138 874 1219 satyri
893 1136 1042 1216 sangarius
1086 1135 1217 1211 macho,
1243 1135 1297 1217 qui
1324 1145 1397 1217 post
1426 1139 1657 1217 Megasthenem
1694 1137 1734 1199 de
1769 1138 1877 1199 rebus

264 1232 332 1287 orto
356 1228 530 1289 Alexander
551 1227 726 1307 Polybistor
748 1232 774 1286 ίν
798 1226 958 1306 ψρυγνακοῖς
979 1226 1043 1285 lau·
1086 1222 1199 1285 indicis
1224 1223 1358 1305 scripsit
1377 1228 1533 1291 Praeterea
1550 1225 1667 1290 Ctesias
1689 1226 1873 1307 Ephesius,

216 1308 222 1315 ’
264 1313 365 1391 datur,
382 1314 458 1375 nibil
474 1322 522 1376 est
547 1332 605 1376 cur
625 1316 686 1375 boc
709 1313 920 1375 testimonium
936 1328 1042 1391 suspe-
1085 1310 1240 1373 Perseidis
1262 1318 1370 1375 auctor
1390 1324 1431 1391 (a.
1453 1318 1502 1385 ra,
1517 1313 1560 1388 hi,
1577 1314 1664 1375 idem
1680 1313 1776 1375 tuerit
1791 1330 1876 1373 cum

263 1408 403 1479 mamus,
419 1420 517 1482 quum
528 1420 606 1482 opus
621 1401 700 1462 illud
713 1400 881 1461 Alexandri
895 1405 925 1461 et
941 1399 1041 1479 ipsam
1084 1398 1201 1461 Musaeo
1215 1400 1349 1479 Ephesio
1363 1418 1457 1480 quem
1478 1401 1656 1463 Perseidem
1678 1398 1875 1464 condidisse

262 1490 357 1551 etiam
391 1490 526 1551 fabulam
564 1490 642 1550 bene
679 1488 868 1550 noverimus.
894 1485 1041 1567 Reputari
1085 1484 1311 1549 Suidasrelert.
1327 1487 1428 1549 Minus
1439 1487 1634 1549 confidenter
1648 1486 1785 1549 dixerim
1810 1491 1875 1558 Δη-

262 1579 367 1635 umen
389 1574 481 1635 velim
505 1576 584 1636 banc
617 1573 811 1635 historiolam
837 1574 907 1635 loco
930 1587 1040 1652 parum
1085 1571 1191 1649 μόδινον
1213 1574 1240 1633 ἐν
1264 1571 1291 1633 a'
1312 1573 1476 1653 Ἡρακλείας
1491 1576 1553 1654 (18,
1568 1578 1599 1654 d)
1614 1593 1682 1637 esse
1702 1573 1874 1635 Heraclea>

262 1660 430 1722 commodo
445 1660 616 1740 interponi,
632 1678 731 1739 neque
747 1660 901 1739 quadrare
914 1658 945 1721 in
959 1664 1042 1721 anm·
1085 1658 1270 1739 scriptorem
1292 1660 1506 1737 Herodorum,
1531 1678 1719 1743 quamquam
1745 1679 1875 1723 nomen

261 1747 420 1822 cedentia,
437 1748 609 1810 secundum
624 1762 694 1827 quan
707 1748 841 1826 Marsyas
856 1746 965 1809 fluvius
973 1747 1041 1823 jam
1084 1746 1153 1824 eius
1175 1745 1260 1809 baud
1283 1749 1380 1811 semel
1409 1757 1591 1829 corruptum
1608 1757 1656 1812 est
1676 1758 1772 1830 atrpue
1796 1766 1874 1811 rem

261 1840 353 1897 antea
376 1834 435 1896 sub
467 1835 529 1897 alio
555 1834 682 1895 nomine
707 1834 878 1909 exstiteram
897 1833 1041 1913 suspicor
1085 1854 1221 1916 qunque,
1235 1854 1329 1915 quam
1339 1836 1522 1899 Plutarchus
1531 1836 1873 1915 tangitabllerodoro

262 1920 356 1999 igitur
369 1938 438 1982 eam
449 1920 628 2000 posterioris
637 1919 773 1981 bominis
784 1919 1040 1984 addidomentum
1084 1923 1871 2004 hmtatamesseliquetQuideTeutbrantemonte

261 2025 346 2081 esse.
362 2005 616 2069 ausoniorum
635 2007 720 2081 roeo,
737 2005 791 2085 qut
812 2024 868 2085 per
881 2011 982 2067 maun
1005 2004 1041 2065 li·
1083 2010 1228 2073 laudatur
1250 2011 1351 2090 (cer,
1363 2010 1393 2091 e)
1408 2012 1527 2075 etesias
1546 2009 1674 2073 cnidius
1694 2012 1721 2069 a
1740 2014 1782 2090 νῷ
1805 2012 1874 2089 mot

261 2094 380 2156 bellum
395 2095 504 2157 unicus
519 2101 581 2170 est,
596 2094 650 2156 ubi
669 2102 703 2157 et
722 2094 859 2157 auctoris
880 2110 995 2155 nomen
1007 2101 1041 2156 et
1083 2100 1160 2175 ὀρῶν,
1173 2096 1260 2159 idem
1274 2116 1343 2160 esse
1354 2098 1477 2161 videbar
1490 2117 1562 2161 cum
1584 2098 1701 2172 Ctesia,
1717 2111 1757 2161 cx
1772 2098 1873 2175 cujus

260 2198 340 2260 opus
354 2181 384 2243 ei
397 2181 579 2243 attributum
594 2187 627 2243 ct
641 2180 708 2259 ipsa
728 2180 824 2243 etiam
844 2197 894 2241 rea
917 2188 1040 2241 narrata
1083 2183 1166 2247 libro
1182 2184 1322 2249 mundo
1336 2186 1464 2263 περιόδων
1481 2184 1552 2265 (περὶ
1572 2188 1639 2265 ὀρῶν
1663 2184 1744 2261 conj.
1762 2186 1873 2245 Maus·

260 2267 386 2328 aliunde
410 2274 485 2329 ncta
509 2266 588 2341 sint,
609 2266 687 2327 nihil
716 2266 821 2345 colligi
853 2266 961 2345 possit.
984 2267 1039 2330 Sin
1083 2271 1185 2351 meus}
1206 2271 1355 2335 nonnulla
1382 2271 1422 2332 de
1443 2270 1513 2333 aliis
1547 2270 1706 2335 montibus
1726 2270 1875 2333 atterunt

261 2370 289 2414 c.
306 2358 335 2430 3,
354 2353 496 2417 deitatur
509 2353 671 2430 Cleanthes
687 2354 713 2411 ἐν
729 2352 753 2431 γ’
767 2353 928 2433 θεομαχίας,
944 2353 1039 2417 dubi·
1083 2359 1258 2422 scholiasta
1283 2358 1441 2440 Apollonii
1464 2358 1565 2423 Rbcd.
1585 2364 1617 2434 2,
1642 2363 1698 2425 ror
1715 2366 1748 2421 et
1771 2363 1870 2423 loli.

260 2440 318 2501 tari
348 2440 457 2521 nequit
480 2442 627 2503 Nostrutn
654 2440 805 2519 cogitasse
828 2439 868 2503 de
891 2440 1039 2503 Cleanthe
1082 2447 1328 2527 Clitopbontem,
1354 2447 1407 2511 cui
1435 2448 1555 2510 ίίτίνιων
1580 2465 1659 2528 opus
1682 2446 1874 2511 attribuitur

260 2528 365 2601 Assio,
382 2527 568 2609 philosopho
581 2526 696 2602 stoico,
711 2526 764 2607 qui
776 2527 963 2606 ἀρχαιολογίαν
978 2526 1038 2607 rapi
1085 2533 1124 2615 (o,
1137 2539 1167 2609 6,
1180 2534 1224 2609 a),
1241 2552 1350 2615 mopso
1368 2534 1428 2597 tale
1444 2552 1523 2612 opos
1539 2534 1701 2614 scripsisse
1717 2553 1781 2597 oon
1805 2534 1872 2595 im.

259 2616 324 2673 θιῶν
339 2621 374 2675 et
383 2616 444 2694 περὶ
459 2614 586 2694 γιγάντων
601 2614 734 2692 scripsit.
747 2616 843 2675 Porro
854 2614 1038 2693 Timagenes
1083 2622 1245 2702 probabile
1253 2628 1311 2696 ost,
1322 2638 1422 2703 quum
1433 2620 1570 2684 fabulam
1582 2620 1621 2682 de
1633 2620 1729 2684 Mileti
1738 2622 1872 2698 origiue

259 2702 352 2780 Syrus
373 2700 427 2780 qui
447 2701 485 2763 de
499 2703 596 2765 Arare
610 2701 717 2764 Ghiliae
736 2700 829 2763 fluvio
843 2702 931 2765 testis
951 2702 1039 2764 adhi-
1083 2708 1319 2788 eclitophonte
1342 2713 1447 2769 narret
1466 2708 1633 2771 scholiasta
1653 2708 1694 2769 ad
1716 2708 1806 2769 Iliad.
1835 2708 1871 2782 ν’,

260 2788 352 2851 betur
363 2792 401 2864 (c.
415 2792 446 2864 6,
461 2788 504 2867 3),
516 2794 622 2869 aperta
636 2796 684 2851 est
697 2787 866 2851 historicus
879 2789 933 2853 ille
948 2792 1039 2851 Pom-
1081 2800 1151 2861 dssd.
1175 2799 1284 2877 Neque
1309 2804 1358 2859 est
1380 2814 1437 2858 cur
1464 2813 1615 2874 negamus
1640 2796 1863 2875 Thrasyllum,

260 2874 323 2955 mii
349 2875 666 2955 concitamenta
689 2874 785 2955 syrio
809 2882 902 2955 atquo
930 2877 1038 2940 carrio
1081 2902 1176 2968 quem
1201 2884 1376 2968 disciplinis
1412 2884 1542 2964 magieis
1573 2884 1733 2946 addictum
1763 2884 1872 2947 tuisse

258 2967 351 3027 rebus
366 2966 463 3027 multa
477 2965 643 3028 tradidisse
658 2964 774 3026 somus
789 2966 828 3044 (v.
843 2966 894 3027 Fr.
911 2966 990 3028 llist.
1004 2971 1036 3044 3,
1082 2976 1162 3039 bene
1177 2973 1277 3049 nosti,
1301 2973 1363 3054 πιρί
1385 2976 1464 3035 λίθων
1490 2973 1587 3036 libros
1610 2972 1788 3053 scripsisse,
1807 2975 1870 3055 qni

258 3072 289 3133 P·
308 3051 396 3133 32²),
426 3070 616 3134 quamtum
642 3054 753 3132 Slfflffl
781 3052 906 3116 natione
940 3054 1036 3118 fuisse
1080 3080 1109 3124 c.
1133 3065 1218 3137 rat
1239 3061 1383 3135 citantur,
1398 3061 1489 3124 sicuti
1503 3079 1574 3140 quea
1597 3078 1636 3120 ex
1654 3057 1798 3138 ejusdam
1816 3066 1871 3124 at-

257 3139 337 3200 alius
351 3157 444 3200 nemo
458 3139 605 3219 prodidit.
622 3138 703 3200 Fieri
717 3137 811 3200 etiam
825 3145 928 3217 potest
938 3142 1037 3221 utqui
1079 3153 1231 3226 omnam
1246 3149 1285 3227 (a,
1299 3154 1349 3226 16,
1365 3149 1396 3228 6)
1409 3149 1450 3213 do
1463 3167 1555 3212 muro
1569 3146 1752 3210 Gholidooio
1764 3167 1871 3228 expo-

258 3227 279 3286 l.
293 3226 316 3287 l.
331 3227 491 3305 Timageni
510 3225 651 3306 jungitur
664 3225 866 3288 Callisthenes
881 3228 1036 3290 Galatica-
1080 3243 1205 3311 punior,
1222 3255 1285 3298 ooo
1308 3237 1410 3299 Nostri
1433 3239 1618 3316 aginootum
1637 3253 1709 3298 esse
1725 3253 1742 3296 e
1757 3236 1867 3297 Plinio

258 3331 328 3376 ram
342 3320 449 3378 auctor
463 3333 551 3376 mem
561 3313 680 3376 librarii
693 3313 791 3376 errori
804 3314 963 3391 debeatur,
978 3336 1036 3380 nec
1079 3329 1209 3386 constat.
1235 3323 1377 3406 Denique
1402 3323 1516 3386 fabula
1545 3341 1623 3402 quas
1649 3340 1667 3383 c
1694 3323 1868 3385 Demarato

257 3401 396 3464 diversus
408 3402 448 3464 sit
459 3403 498 3464 ab
511 3402 712 3464 Eratosthene
723 3403 777 3464 illo
789 3403 878 3482 cujus
899 3405 1036 3468 Galatica
1081 3410 1288 3491 Apollodorus
1310 3416 1339 3486 t,
1365 3415 1395 3485 9,
1416 3414 1467 3485 ra,
1492 3415 1510 3474 '1
1534 3416 1565 3473 et
1587 3409 1687 3473 schol.
1712 3409 1864 3489 apollon

256 3491 416 3573 usurpavit
428 3491 601 3572 Stephanus
615 3491 795 3571 Byzantium
807 3491 891 3573 quod
905 3493 1034 3573 quidem
1080 3501 1109 3575 l,
1125 3501 1165 3559 ee
1182 3505 1357 3577 apponunt,
1373 3496 1596 3578 percommode
1613 3496 1677 3576 peti
1691 3502 1869 3574 potuerunt

1078 3584 1367 3663 eTrugodumeoon
1378 3603 1491 3666 opere,
1507 3583 1592 3666 quod
1614 3585 1725 3645 Noster
1743 3585 1867 3647 Dema-

254 3714 344 3768 corpns
363 3704 475 3769 irrepsit;
490 3715 595 3768 mmque
612 3717 712 3754 causam
730 3703 816 3755 babuit
830 3709 863 3756 ls.
879 3705 990 3769 Vossius,
1006 3713 1036 3761 nt
1078 3679 1146 3735 Μ)
1160 3671 1308 3772 Vinium·
1382 3759 1388 3772 ι
1732 3756 1739 3769 ·
1824 3758 1844 3771 ..

255 3773 405 3825 ramanae
417 3774 895 3839 mngenondolununlhusodeunocm
909 3781 1034 3829 ananam
1116 3763 1310 3822 deterruere
1330 3767 1512 3840 scriptores,
1524 3777 1659 3841 quorum
1670 3764 1864 3820 testimoniis

254 3847 387 3896 mostrat-
410 3847 485 3896 roim
505 3844 612 3894 nummii
631 3846 720 3907 mitet
737 3847 823 3894 utrum
837 3847 965 3896 macutus
985 3863 1033 3902 nu·
1077 3847 1380 3928 Pseudoplutarchus
1394 3864 1428 3908 so
1443 3864 1536 3910 usum
1549 3845 1722 3926 profitetur,
1738 3851 1775 3906 ut
1786 3845 1863 3925 plu·

254 3913 1035 4048 32⁰5,tgissmmmfiffrffffifffiffffissffifflffudff
1078 3935 1194 3997 rimum
1212 3951 1341 4014 prorsus
1355 3933 1452 4014 ignoti
1467 3932 1557 3998 nobis
1573 3940 1662 4008 sunt;
1681 3950 1719 3994 ao
1734 3932 1761 3993 si
1785 3952 1861 4013 quae

254 4055 385 4104 seminatas
408 4054 502 4117 primus
520 4053 605 4104 callide
624 4055 810 4106 concinnaverit.
826 4057 916 4106 Saltem
930 4071 959 4108 ea
977 4071 1034 4121 pars
1077 4021 1205 4120 nqmina
1227 4029 1412 4120 ⁰⁰⁰,urfflmt
1432 4039 1503 4102 (ΨΒ
1524 4028 1672 4101 mquam
1691 4026 1861 4084 ⁸u⁰i⁰fflffl

255 4123 620 4187 nujusopittctaqueverntur
630 4123 655 4172 in
664 4123 759 4176 abhus
769 4137 919 4189 gemmarum
930 4129 1035 4180 morso
1077 4108 1201 4170 aliunde
1216 4127 1375 4184 novimus,
1389 4127 1452 4172 non
1467 4114 1572 4170 tamen
1583 4113 1682 4187 patet,
1696 4124 1773 4170 num
1797 4108 1861 4170 bos

254 4193 383 4254 odana,
392 4193 685 4258 palaestinensis,
694 4195 1035 4259 quisuparstihosmiooem-
1077 4195 1163 4275 ipsos
1183 4215 1222 4258 an
1245 4196 1325 4258 alios
1355 4195 1558 4274 cognomines
1587 4195 1700 4256 Noster
1722 4193 1860 4273 intelligi

254 4262 703 4393 ffiffiffifflfffflffi
710 4265 1034 4399 fflfflupssffiupffi
1076 4283 1218 4344 voluerit.
1232 4285 1306 4346 llaec
1326 4282 1616 4364 igiturscriptorum
1628 4282 1756 4346 nomina
1776 4302 1859 4346 num

254 4401 389 4464 velutque
401 4401 431 4451 da
444 4401 599 4465 haruspicina
612 4401 708 4453 inertis
721 4401 847 4454 bominum
856 4403 979 4470 leguntur,
993 4409 1034 4460 vel
1077 4370 1260 4469 ,fictitiam
1271 4369 1471 4468 Puubifqffii
1483 4368 1566 4470 Nihil
1580 4369 1685 4471 41⁵⁰&
1684 4388 1742 4448 ¹¹⁰2
1754 4387 1858 4466 ‘lump

255 4469 362 4519 amris
380 4469 503 4522 manea
519 4473 646 4534 summum
658 4471 720 4522 hrot
736 4474 776 4536 (5,
791 4473 815 4534 a)
834 4475 874 4524 sao
889 4476 931 4536 on
945 4480 1034 4542 offis„
1077 4457 1178 4518 rnhoc
1187 4474 1284 4536 genus
1296 4455 1389 4518 rebus
1398 4464 1617 4519 incertissimis
1625 4455 1791 4536 praefracte
1800 4456 1858 4518 alr·

256 4539 328 4596 eaeo
344 4541 435 4603 aneso
450 4541 512 4603 roto.
531 4541 606 4592 ricus
625 4545 709 4592 ianm
723 4542 828 4594 tamn
840 4543 950 4598 boaria
965 4547 1034 4600 hbe
1077 4543 1153 4624 quid
1169 4561 1281 4622 negare
1294 4544 1343 4607 vel
1357 4544 1513 4606 affirmare
1530 4543 1662 4624 stupidae
1676 4544 1757 4605 toret
1767 4562 1859 4608 arro-

255 4606 1033 4744 ffiffiffivffl‘ffiffoss“ggfynsgfflihfflffi
1076 4631 1199 4711 gantiae.
1216 4630 1383 4710 Reputauti
1404 4638 1509 4693 autem
1532 4639 1674 4694 auctores
1695 4630 1751 4710 qui
1773 4649 1857 4692 nun-

256 4743 314 4794 edlt.
337 4745 410 4795 libelli
430 4750 467 4796 Da
483 4747 542 4796 tlur.
556 4763 580 4812 p.
599 4753 652 4798 24:
674 4751 883 4803 «ilistoriolarum
902 4755 1033 4818 paradoxo
1076 4734 1170 4815 qm
1195 4717 1401 4818 exstilempi‘.
1422 4717 1508 4818 apud
1538 4725 1672 4791 veteres’
1698 4725 1855 4818 fluentum

256 4825 369 4875 nmque,
388 4827 445 4876 qne
468 4815 520 4866 sota
541 4817 762 4870 monoschemo
783 4823 1033 4876 hemathaeorum
1076 4821 1191 4878 seram,
1206 4807 1356 4884 northaga
1370 4825 1430 4866 nisi
1444 4805 1497 4868 ubi
1517 4811 1808 4868 avaremshssrmo
1822 4811 1855 4866 ct

257 4881 306 4932 Μ’
330 4881 450 4944 amotus,
468 4883 600 4935 atomum
622 4887 736 4950 insiliam
757 4891 927 4943 mennatem
949 4892 1034 4957 itam
1075 4890 1115 4952 ab
1132 4889 1218 4952 omni
1242 4890 1400 4954 literatura
1417 4890 1519 4954 alieno
1544 4892 1704 4954 literarum
1725 4909 1803 4952 usus
1822 4900 1855 4951 et

256 4947 1033 5088 {fflsffillssnffisflllsifflffu‘ggl'ssqffffllssffilsffitm
1075 4976 1850 5059 operapoetieavelprosariaattribuuntnrlutLini,

258 5085 354 5135 riuntur
374 5087 427 5136 aliis
450 5088 609 5150 scriptoribus
626 5091 751 5154 interula,
770 5095 860 5147 falsarii
874 5043 1032 5150 natririiiaie
1074 5063 1206 5164 Orphei,
1218 5063 1421 5145 Ps⁰¹¹³Pidaei
1436 5066 1620 5164 lllymoetae,
1635 5063 1760 5164 Sisyphi
1779 5063 1849 5162 0⁰53

257 5155 360 5207 sollertis
373 5161 509 5209 commenta
524 5160 720 5222 pronunciamus.
739 5183 752 5208 ν
1074 5151 1200 5212 Corinna
1226 5147 1402 5215 Palamedes
1425 5153 1551 5231 scrtbae,
1577 5155 1697 5214 Daretis
1725 5151 1850 5231 Phrygii
