3884 5925
598 449 770 512 tottttts
793 449 952 512 BOSPOBl
973 451 1145 514 TlllihCll.
1633 463 1669 514 tt

89 593 136 646 qua
147 574 273 628 clauditur
284 574 318 626 ab
329 592 549 648 occasu,queque
562 577 794 646 separaturacolle
807 578 853 648 Sy·
897 580 1022 648 quoniam
1044 579 1088 633 hic
1102 589 1168 632 esset
1189 577 1257 632 edes
1274 579 1384 632 Veneris
1403 576 1514 632 Placide
1532 588 1560 630 et
1580 579 1673 634 Dianae

89 680 167 726 ceno,
191 662 287 726 vineis,
308 661 408 726 hortis,
426 662 540 715 adificiis
563 663 656 734 plena,
678 664 805 720 desinenti
826 667 854 718 in
897 665 1060 736 Phosphori,
1079 684 1138 736 quae
1150 666 1230 720 οιίιιιιι
1242 665 1424 738 Phosphoros,
1437 683 1468 718 ea
1478 675 1518 718 eat
1536 665 1670 729 Lucifera,

88 749 233 819 planitiem,
248 766 306 818 quae
329 759 390 808 ante
403 759 504 820 portam
518 751 642 820 Syrenanr
661 751 813 822 explicatur,
827 753 854 804 in
898 752 1058 805 norninatur.
1083 753 1150 806 Narn
1173 754 1252 824 primi
1276 752 1313 806 ilii
1336 763 1520 824 propagatores
1540 752 1672 822 religionis

88 854 135 906 qua
157 835 243 904 jacent
266 835 404 904 globorum
429 854 634 892 marmoreorum
659 839 745 906 magni
770 839 855 892 acervi
898 835 1065 902 Christianae,
1080 855 1135 907 quo
1148 837 1248 890 facilius
1261 837 1491 890 nationesacultu
1502 838 1672 908 antiquorum

88 920 211 990 simulque
224 938 317 988 magna
338 920 479 974 multitudo
492 921 671 976 machinarum
688 923 854 988 bellicarum,
899 920 1008 974 deorum
1029 921 1166 976 adrerum
1183 924 1285 994 pictatis
1306 922 1405 976 cultum
1423 921 1546 995 paulatim
1559 921 1673 976 abduce·

89 1005 156 1058 unde
171 1017 243 1076 porta
258 1025 355 1060 nomen
366 1006 459 1071 habet,
472 1007 518 1060 uhi
536 1008 642 1062 thermae
659 1019 685 1062 et
696 1008 806 1062 officinae
820 1008 856 1060 sa·
898 1017 973 1070 rent,
986 1023 1125 1078 veramque
1138 1007 1289 1076 religionem
1303 1007 1360 1060 illos
1373 1006 1458 1060 colere
1469 1008 1672 1071 assuefacerent,

88 1091 161 1142 hrilas
172 1090 287 1144 fusilium
303 1092 482 1144 machinarum
493 1091 644 1145 bellicarum
651 1092 781 1158 ;alterum
795 1111 855 1164 pro·
898 1089 947 1142 auh
970 1093 1084 1162 antiquis
1107 1091 1217 1146 deorum
1241 1093 1393 1146 nominihus
1419 1110 1486 1146 nora
1512 1092 1674 1146 induxerunt

88 1177 205 1228 montorii
210 1175 276 1228 latus
283 1175 428 1228 demittitur
438 1175 469 1230 ad
478 1175 624 1243 meridiem,
634 1188 716 1232 totum
726 1177 854 1248 objectum
898 1173 1020 1230 divorum
1030 1178 1146 1230 nomina.
1153 1177 1246 1230 Suidas
1256 1190 1263 1216 ¹
1275 1177 1366 1230 scribit
1375 1178 1575 1232 Constantinum
1585 1195 1673 1246 regem

88 1259 163 1311 oculis
175 1260 265 1312 veteris
276 1261 409 1328 Byzantii,
420 1259 493 1312 valde
501 1261 624 1332 proclive,
636 1271 664 1315 ut
672 1261 727 1332 ejus
736 1279 856 1314 ascensus
899 1263 1093 1330 Romanorum,
1104 1261 1187 1317 filium
1199 1265 1295 1318 leonis
1306 1265 1388 1316 isauri
1398 1265 1578 1328 iconomachi,
1590 1267 1674 1318 Vene-

88 1347 205 1415 gradibus
226 1358 272 1400 aut
287 1347 446 1400 enh-actibus
470 1348 601 1413 molietur,
622 1367 705 1420 usque
726 1350 759 1402 ad
785 1367 856 1403 mare
900 1365 953 1398 rant
976 1348 1102 1413 coluisse,
1121 1350 1197 1420 eique
1215 1346 1341 1402 humanas
1363 1347 1480 1402 victimas
1500 1361 1623 1402 mactasse
1645 1353 1673 1403 in

88 1449 195 1502 pronum
217 1429 349 1501 dejicitur,
365 1442 394 1484 ut
413 1431 486 1484 littus
504 1433 538 1485 sit
558 1433 701 1496 excelsum,
724 1451 853 1504 preceps,
900 1431 1004 1500 regione
1018 1433 1091 1486 urbis
1102 1435 1201 1498 Peraea,
1213 1433 1258 1486 ubi
1271 1431 1338 1486 divae
1350 1435 1448 1486 Maurae
1460 1434 1587 1505 templum
1594 1446 1669 1496 asset,

88 1529 261 1590 preruptam
286 1518 372 1570 latetis
395 1517 480 1570 media
500 1536 560 1590 pars
574 1519 730 1572 ¹intumescit
751 1519 855 1571 duobtts
899 1515 1673 1590 quodisdemolitus‚loeumessecithomicidiarium,quem

90 1603 189 1656 tumulis
199 1603 234 1654 ab
252 1601 336 1654 iniera
352 1613 425 1673 parte
443 1603 633 1674 praecipitibus,
644 1622 659 1656 a
671 1621 764 1674 supera
777 1596 855 1674 expli:
899 1601 1018 1656 Mauram
1032 1605 1192 1669 nominavit,
1203 1605 1231 1657 in
1244 1623 1298 1674 quo
1309 1615 1386 1656 nocte
1395 1621 1490 1674 pueros
1503 1605 1672 1658 sacrificabat.

89 1690 146 1764 catis
158 1689 185 1740 in
198 1689 334 1758 planitiem
346 1687 437 1740 leniter
448 1700 623 1758 assurgentem
633 1687 666 1742 ad
681 1691 855 1759 promontorii
901 1686 1027 1740 Existimo
1040 1688 1109 1741 illam
1128 1687 1210 1742 πιίειιι
1224 1691 1312 1760 primo
1327 1690 1479 1762 appellatam
1501 1691 1673 1760 Phosphoron

91 1773 212 1842 lastiginm
223 1811 231 1835 ,
242 1782 393 1842 porrectum
407 1773 433 1823 in
453 1771 556 1840 longam
571 1772 715 1842 planitiem.
734 1775 788 1826 Ora
804 1791 857 1826 ma·
900 1789 914 1824 a
935 1772 1019 1825 Diana
1031 1773 1167 1837 Lucifera,
1190 1773 1285 1827 deinde
1299 1775 1452 1838 Photinam,
1472 1784 1530 1845 post
1543 1776 1673 1827 Mauram.

91 1860 168 1910 sitiam
177 1857 228 1908 sub
240 1857 292 1909 boc
304 1857 369 1910 hrtus
381 1856 497 1928 subjecta
509 1856 666 1930 producitur
677 1858 705 1910 in
716 1855 855 1928 longitudi·
901 1855 968 1908 Vide
987 1877 1021 1910 an
1042 1859 1076 1910 sit
1097 1859 1200 1912 vitiatus
1222 1857 1304 1912 codex
1329 1858 1416 1912 Suidte
1440 1859 1539 1912 hahens
1558 1870 1674 1912 uncum

91 1961 144 1994 nem
163 1942 234 1994 mille
256 1959 397 2014 passuum,
418 1960 532 2012 quorum
553 1942 736 2012 quadringenti
754 1945 858 2013 Sycenae
900 1943 1019 1994 Mauram
1030 1959 1081 2014 pro
1095 1954 1183 1996 sancta
1196 1944 1316 1997 Photina.
1330 1945 1396 1998 Nam
1410 1963 1472 1997 cum
1484 1929 1675 1998 tconoinaehue

90 2039 164 2098 porte
181 2027 386 2096 propinquiores
403 2038 493 2098 patent
507 2028 535 2078 in
552 2026 716 2080 latitudinem
733 2028 859 2098 quinqua-
900 2025 1087 2080 Constantinus
1096 2027 1238 2096 imaginum
1248 2027 1347 2080 cultum
1356 2039 1528 2100 oppugnaret,
1539 2027 1676 2080 ve1·isimile

91 2117 153 2182 ginta
171 2130 314 2182 passuum,
327 2113 374 2164 nbi
394 2115 541 2166 communis
554 2113 695 2166 ambulatio
709 2113 858 2172 suburbana
902 2110 1006 2166 videtur
1025 2111 1106 2166 edem
1120 2113 1187 2168 divae
1207 2113 1325 2168 Photinae
1336 2115 1522 2168 contumeliose
1536 2114 1676 2186 appellasse

90 2199 189 2270 platanis
195 2197 380 2260 adurnbratur,
389 2199 416 2249 in
425 2197 543 2267 quanlim
551 2196 856 2262 adasdiviConstantini,
900 2195 967 2250 divae
980 2199 1087 2250 Maru-te.
1104 2200 1182 2251 Nune
1192 2217 1271 2250 nemo
1281 2210 1335 2264 eat,
1350 2200 1395 2270 qui
1407 2199 1518 2252 audierit
1531 2209 1576 2252 aut
1587 2199 1676 2268 legerit

89 2285 156 2356 eujus
168 2285 321 2356 superficies
337 2303 407 2337 nunc
420 2294 574 2338 uenenatas,
589 2287 722 2338 Duntaxat
735 2283 858 2354 gradibus
902 2282 927 2334 itt
938 2285 1044 2352 regione
1057 2283 1130 2336 urbis
1140 2286 1225 2336 Per-ea
1238 2283 1305 2337 dirae
1319 2286 1417 2337 Maurae
1430 2284 1512 2338 ειίιιιι
1527 2284 1618 2347 luisse,
1628 2282 1675 2335 aed

88 2369 188 2440 lapideis
200 2371 230 2421 in
245 2369 374 2421 fornicem
387 2368 580 2422 subterraneam
598 2369 682 2422 Gracci
698 2367 859 2422 descendunt
901 2367 1028 2422 duntaxat
1040 2371 1167 2424 Photinae.
1185 2371 1261 2424 Adde
1271 2370 1344 2440 quod
1355 2372 1441 2424 littora
1454 2373 1583 2424 contraria
1594 2369 1676 2423 multa

88 2455 118 2507 ad
136 2457 274 2526 potionem
291 2471 364 2524 aqua
376 2453 488 2508 fontanae
501 2453 671 2506 Constantim
685 2471 777 2517 sacrae3
799 2453 858 2506 reli·
901 2454 935 2509 de
946 2458 1055 2528 paritate
1064 2468 1091 2510 et
1102 2457 1271 2510 similitudine
1282 2457 1385 2510 interae
1394 2455 1565 2517 contendunt,
1577 2465 1606 2509 ut
1616 2455 1677 2509 dua

88 2558 135 2610 qua
150 2558 203 2592 orae
222 2541 362 2592 maritime
378 2557 439 2610 pars
462 2550 515 2592 tota
534 2539 671 2610 proclivis,
690 2549 796 2610 excepta
818 2541 859 2592 via
902 2544 1025 2612 Cyaneae,
1038 2552 1068 2594 ut
1084 2541 1327 2611 duoangtntiarum
1342 2541 1416 2604 lana,
1430 2540 1523 2592 utalia
1539 2539 1674 2612 pleraque,

87 2628 197 2681 bernano
210 2645 293 2698 opere
303 2627 447 2698 explanata.
460 2627 578 2678 Tertium
593 2627 767 2697 promontorii
782 2626 858 2692 latus,
902 2639 931 2680 ut
951 2628 1021 2681 littus
1042 2629 1110 2682 dirae
1130 2629 1247 2682 Photinae
1270 2629 1377 2681 sortasse
1399 2627 1460 2680 idco
1479 2627 1561 2680 adem
1586 2628 1677 2680 Diana

87 2713 199 2764 similiter
215 2709 293 2764 mide
312 2711 426 2782 procliva
445 2721 471 2762 et
489 2728 603 2782 praeceps
624 2711 754 2780 usquead
771 2709 857 2775 littus,
902 2713 1048 2783 Phosphori
1059 2712 1245 2784 babuit,quod
1257 2715 1291 2766 ait
1303 2732 1318 2766 c
1328 2714 1435 2785 regione
1451 2711 1607 2782 Phosphorii
1618 2729 1678 2782 por·

87 2815 188 2865 vergens
201 2795 237 2848 ad
251 2794 314 2846 solis
330 2805 432 2860 ortum,
446 2795 549 2847 intuens
562 2795 771 2866 promontorium
791 2796 859 2848 Asia
902 2808 943 2851 tus
957 2801 984 2850 in
998 2801 1131 2852 contrario
1144 2800 1230 2852 littore
1247 2799 1289 2852 siti
1299 2839 1306 2864 ,
1318 2817 1349 2852 ex
1362 2817 1394 2851 eo
1405 2799 1523 2871 appellati
1533 2839 1540 2862 ,
1550 2798 1678 2869 quiaillic

86 2883 264 2946 Damalicum,
280 2899 334 2952 quo
354 2883 484 2952 Bosporus
510 2881 669 2936 conmndcos
686 2880 720 2934 ad
738 2899 858 2936 occasum
902 2884 986 2936 Diana
1006 2885 1173 2955 Phosphoros
1188 2884 1274 2937 lucem
1297 2885 1426 2956 Byzantiis
1448 2884 1563 2936 attulerit
1586 2893 1677 2937 contra

38 2987 45 3009 ι
86 2970 193 3021 deantur
206 2967 242 3021 ad
261 2967 409 3021 meridiem.
442 2971 481 3021 Ex
498 2969 634 3021 antedictis
647 2980 754 3041 apparet
775 2971 859 3023 Meto·
902 2971 1051 3042 Philippum
1072 2972 1242 3025 Macedonem
1267 2970 1394 3025 cuniculis
1417 2972 1569 3042 Bymntium
1593 2988 1677 3043 oppu-

87 3072 200 3125 ponesse
218 3062 267 3105 ant
285 3062 370 3107 totum
383 3055 592 3125 promontorium
602 3092 610 3118 ,
630 3065 675 3107 aut
690 3052 746 3123 ejus
758 3065 858 3127 partem
902 3068 1024 3125 gnantem
1042 3058 1148 3129 (Steph.
1166 3076 1191 3111 r.
1208 3049 1367 3129 Βόσπορος).
1385 3059 1476 3111 Venus
1494 3075 1557 3109 vern
1574 3056 1677 3111 Placida

87 3141 240 3192 eminentem
251 3140 279 3190 in
292 3140 388 3212 primas
398 3140 469 3191 sinus
483 3139 582 3201 huces,
593 3158 671 3209 qnam
685 3140 762 3209 vulgo
775 3140 860 3213 appel·
903 3160 955 3195 non
969 3142 1133 3195 commodius
1143 3143 1264 3198 collocari
1275 3145 1376 3215 potuit,
1387 3160 1466 3214 quam
1475 3144 1504 3195 in
1518 3142 1570 3195 hoc
1580 3143 1676 3206 littore,

86 3226 134 3279 lant
146 3244 235 3279 acram
250 3226 457 3295 Spandnninam.
477 3228 502 3279 Si
518 3235 602 3279 totum
616 3228 756 3297 Dionysius
768 3228 860 3281 intelli·
903 3228 946 3281 ubi
963 3230 1094 3299 Bosporus
1107 3228 1203 3281 labitur
1215 3230 1331 3300 placidus
1343 3238 1370 3281 et
1382 3228 1468 3281 silens.
1493 3230 1524 3281 In
1536 3246 1588 3298 qua
1601 3238 1676 3299 parte

88 3315 132 3381 git,
150 3314 303 3365 existimare
325 3311 451 3365 debemus
470 3312 578 3378 Bolum,
598 3314 693 3385 templs
719 3316 808 3367 Diana
833 3324 860 3367 et
902 3316 1016 3383 regionis
1037 3318 1131 3369 Peraeae
1147 3316 1338 3369 Constantinus
1357 3317 1469 3369 Veneris
1487 3314 1572 3369 cultor
1593 3315 1678 3369 colere

86 3403 188 3453 Veneris
200 3402 345 3469 locumque
355 3398 510 3453 Ostreodem
525 3399 602 3465 luisse
615 3402 683 3454 intra
702 3401 792 3455 urbem
805 3404 857 3455 Ga·
903 3400 1033 3453 Venerem
1044 3401 1135 3453 melius
1149 3403 1234 3472 potuit
1247 3420 1325 3472 quam
1340 3403 1366 3454 in
1378 3402 1557 3472 antiquissima
1568 3402 1679 3454 Veneria

86 3486 172 3549 latam,
182 3484 298 3557 ea'rnque
309 3484 382 3537 urbis
392 3496 489 3556 partem
500 3504 553 3539 non
562 3488 772 3559 comprehensam
783 3488 860 3541 fuisse
902 3484 981 3537 satie?
993 3488 1051 3537 Jam
1061 3488 1171 3553 cognitis
1181 3479 1280 3539 edibus
1289 3488 1379 3539 Dianae
1391 3486 1517 3539 tacitae
1529 3496 1555 3537 et
1568 3485 1679 3539 Veneris

87 3574 148 3625 intra
160 3574 252 3625 locum
266 3570 395 3642 Sycodem
410 3574 457 3639 (ut
470 3591 522 3625 non
536 3572 639 3627 videtur
653 3592 685 3626 ex
703 3575 808 3643 antiqua
819 3592 859 3625 re·
902 3568 1012 3621 Placide
1031 3580 1058 3622 et
1074 3572 1199 3641 Metopo,
1213 3570 1332 3640 judicare
1358 3588 1498 3641 possumus
1521 3570 1678 3623 Ostmodern
1691 3579 1702 3599 ⁹

87 3661 191 3727 gionum
204 3660 282 3711 urbis
295 3657 484 3728 descriptione,
501 3670 615 3730 ponente
632 3662 658 3711 in
674 3660 752 3711 latere
765 3659 860 3713 Galata
902 3655 988 3707 locum
1003 3656 1081 3709 fuisse
1095 3658 1162 3709 inter
1173 3658 1255 3710 edem
1263 3657 1330 3711 divae
1340 3658 1458 3711 Phatne
1469 3669 1496 3711 et
1504 3658 1601 3729 primas
1611 3656 1679 3709 radi·

87 3746 230 3799 meridiano
241 3747 369 3814 Sycenam
379 3746 521 3813 regionem,
531 3762 589 3816 quae
598 3746 738 3799 etiamnum
745 3746 861 3797 cernitur
903 3758 944 3793 ces
960 3743 1132 3811 promontorii
1150 3742 1480 3814 Spandonini,praesertim
1497 3744 1519 3795 ai
1538 3741 1565 3794 id
1589 3753 1674 3795 totum

88 3834 112 3884 in
143 3832 232 3885 media
255 3832 348 3884 Galata
373 3832 487 3901 pro'priis
513 3833 594 3883 muris
614 3831 714 3894 clausa,
741 3833 860 3901 opposita
904 3829 1021 3897 iutelligit
1036 3829 1176 3899 Dionysius
1187 3830 1310 3900 Metopon
1322 3847 1386 3881 esse.
1396 3828 1522 3896 Quamvis
1533 3838 1677 3880 ostrearum

87 3916 346 3987 Constantinopoleos
360 3916 430 3977 valli,
445 3917 471 3967 in
481 3934 533 3986 qua
542 3918 592 3967 ima
604 3926 643 3967 est
656 3914 775 3983 trajectus
785 3918 861 3987 Syce·
904 3916 1011 3985 piscatio
1023 3915 1183 3984 frequentius
1196 3914 1274 3969 hodie
1285 3924 1434 3971 exercemur
1443 3932 1458 3967 a
1467 3916 1591 3987 Syrorum
1603 3924 1677 3984 porta

89 4007 163 4071 nus),
184 4003 338 4071 Galataeque
351 4002 417 4053 latus
442 4018 536 4069 urgens
560 4000 593 4052 ad
614 4000 674 4051 solis
693 4010 779 4052 ortum
802 4008 861 4069 post
903 3998 936 4051 ad
948 3996 1025 4050 finem
1033 4001 1206 4069 promontorii
1216 3999 1528 4071 Metopicieteoulterius
1537 3998 1572 4050 ob
1581 3998 1677 4051 vadum

90 4090 212 4158 Speodem
227 4089 324 4151 inisse,
336 4087 407 4157 quod
418 4088 509 4157 incipit
527 4087 561 4139 ah
575 4086 668 4155 angulo
686 4086 752 4139 dirae
765 4086 859 4151 ctare,
904 4086 983 4137 maris
1001 4094 1140 4153 purgatum
1153 4096 1180 4138 ct
1195 4095 1327 4156 apertum,
1341 4086 1368 4136 in
1388 4083 1460 4155 quod
1478 4092 1637 4155 sparguntur
1650 4094 1675 4137 et

90 4193 137 4245 qno
147 4176 232 4237 sintrs,
244 4174 356 4226 tendens
366 4172 398 4225 ad
410 4190 529 4223 occasum
538 4171 692 4236 brumalem,
708 4172 819 4225 flectitur
828 4169 860 4224 ad
904 4169 1105 4221 disseminantur
1115 4171 1254 4238 quotannis
1266 4180 1356 4221 ostreae
1365 4170 1485 4237 integre,
1495 4178 1601 4233 non,ul
1612 4168 1677 4221 olim

91 4278 206 4311 occasum
236 4258 292 4311 iere
318 4256 489 4321 solstitialem,
511 4273 616 4326 quoqne
636 4257 726 4311 linitur
747 4274 861 4309 recessus
905 4256 968 4309 falso
977 4274 1140 4325 acceperam,
1155 4256 1244 4309 divisae
1259 4268 1337 4326 atque
1349 4255 1473 4327 disruptae
1487 4272 1493 4308 :
1509 4264 1596 4308 tamen
1607 4265 1679 4307 ante·

91 4346 223 4398 inchoatus
238 4364 255 4397 a
280 4344 462 4414 promontorio
486 4340 670 4413 Spandonino,
694 4342 785 4411 longus
807 4341 861 4394 duo
904 4358 983 4409 quam
997 4352 1062 4392 esset
1071 4340 1141 4393 littus
1154 4340 1299 4410 subjectum
1310 4340 1359 4392 snb
1369 4350 1469 4411 partem
1480 4338 1571 4409 oppidi
1581 4339 1680 4393 Galatae

92 4432 166 4484 millia
189 4447 334 4502 panum,
357 4444 469 4497 quorum
498 4428 639 4496 octingenti
664 4428 731 4479 intra
757 4426 860 4481 urbem.
904 4427 1033 4497 objectam
1057 4428 1166 4492 orienti,
1188 4439 1332 4482 oshwum
1353 4428 1523 4499 piscationem
1547 4428 1678 4497 copinam

93 4516 174 4565 latam
194 4514 314 4565 hiberna:
328 4512 463 4581 piscationi
479 4520 554 4580 aptus
574 4507 677 4562 videtur
689 4512 799 4579 angulus
813 4512 861 4564 soii
905 4514 1020 4583 praehere
1034 4515 1127 4585 potuit.
1138 4516 1229 4567 Postea
1248 4529 1401 4581 veroquam
1415 4510 1493 4582 hujus
1507 4511 1600 4565 littoris
1615 4529 1676 4583 para

94 4600 235 4667 expositus,
259 4615 276 4649 a
295 4597 380 4647 ventis
401 4594 620 4665 septentrionibus
641 4604 740 4657 tectus,
759 4598 786 4649 in
808 4614 862 4667 quo
906 4598 1000 4652 vadosa
1009 4596 1677 4669 aedificataestfflarsquotidiaautobmitnrprojee·

95 4684 167 4737 ΜΕ
183 4694 337 4754 *pociantur
355 4682 416 4735 (1¹²2
438 4681 506 4733 ²¹¹⁶
530 4698 622 4744 Ἀπί
646 4698 758 4751 quarum
782 4698 861 4735 uuam
905 4686 938 4739 tis
951 4685 1040 4757 oppidi
1054 4684 1322 4755 purgationibus,aut
1334 4682 1507 4755 emmaum
1516 4684 1678 4751 navigiorum

96 4772 181 4822 Franci
195 4768 326 4841 appellant
344 4768 432 4821 divmn
443 4768 561 4831 Claram,
573 4767 679 4821 aiteram
696 4769 779 4821 Graeci
794 4768 873 4823 Pbo·.
905 4772 1060 4826 stationibus
1068 4781 1220 4842 occupatur.
1233 4770 1344 4824 Piscatio
1355 4780 1498 4822 cenarum
1508 4786 1579 4822 nunc
1592 4770 1680 4823 minus

95 4857 261 4927 tinen,qnasi
279 4855 535 4925 Phosphoron,non
553 4855 728 4935 sineantiqua
744 4856 860 4917 ratione,
905 4867 1041 4909 exercetur
1054 4858 1082 4907 in
1095 4855 1146 4907 hoc
1162 4855 1314 4908 suburbano
1325 4854 1426 4918 littore,
1441 4856 1587 4907 etiamnum
1609 4854 1679 4907 exal·

129 5056 151 5091 ι.
170 5036 263 5091 Suidas
276 5056 300 5090 r.
316 5038 501 5097 Κωνσταιτΐνις
517 5054 543 5106 p.
559 5036 609 5090 385
624 5035 666 5089 ed.
681 5036 777 5089 Bemh.
794 5036 863 5102 :Thr
907 5019 971 5098 rade'·
995 5037 1067 5106 drxep
1088 5034 1200 5105 {testeae
1221 5036 1263 5089 καί
1283 5038 1437 5107 perrumpant
1456 5036 1558 5101 maricae
1578 5035 1678 5105 Μωίραν

95 5114 138 5185 pt?
157 5115 293 5187 Ἀφροδίτην
313 5115 385 5186 ἐτίμα
404 5114 446 5167 ani
460 5112 653 5185 ἀνθρωποθυσίας
674 5114 769 5187 ἀνέφερε
789 5116 862 5186 πέραν
905 5113 1074 5183 dispraeti
1088 5114 1171 5176 τόπον,
1186 5108 1247 5184 ἐνῷ
1267 5112 1308 5164 καί
1321 5112 1413 5183 νύκτωρ
1426 5110 1532 5171 irrerebat
1545 5112 1626 5172 θυσίας
1638 5110 1680 5163 asi

95 5198 134 5258 τῆς
150 5194 257 5259 πόλεως,
279 5194 337 5247 ἔνθα
355 5195 426 5269 θ-τῆς
444 5194 515 5265 ἁγίας
528 5192 626 5262 Μαίρας
639 5196 690 5261 (an
712 5192 861 5263 Φωτίνηςί)
905 5194 992 5253 παῖδας
1002 5194 1156 5261 asclepam.

196 5297 307 5335 exosan.
676 5332 678 5337 ,
1559 5284 1576 5327 ⁸
