3884 5925
812 450 1070 515 ιιινιονεειε.
1661 415 1663 419 ’
1692 469 1750 524 ειν

147 587 227 661 ᾂρασε
248 576 366 657 μεγάλην
384 574 480 656 ἔχθραν
501 570 708 653 συμθαλίντες),
734 572 780 630 καί
802 572 832 631 τδ
858 572 927 652 μίγα
1012 593 1117 634 τοο-τιν.
1142 574 1218 634 Μιτθι
1235 572 1339 640 τούτους
1358 572 1384 633 δέ
1399 574 1458 643 τούς
1480 574 1634 655 Δερκιύίους
1648 576 1690 635 ἐπί
1703 578 1751 651 τὴν

146 667 219 732 ἔθνος
232 667 283 723 τῶν
299 665 481 741 Καμαριτῶν,
499 658 593 726 οἵτινές
607 680 670 718 ποτε
683 659 729 717 τὸν
741 658 865 718 Διόνυσον
877 660 929 717 ἀπὸ
974 661 1101 732 ἀνατολὴν
1118 661 1201 739 πέραν
1216 666 1260 719 τοῦ
1274 664 1402 741 ήχητικοῦ
1416 660 1521 741 Ἀράξου
1538 653 1626 742 ἄνδρες
1640 666 1752 739 πολεμι-

147 760 197 813 τοῦ
210 754 325 828 πολέμου
334 754 387 808 τῶν
401 750 493 809 Ἰνδῶν
506 746 712 826 προσδεξάμενοι
727 746 926 826 ἐξενοδόχηοαν,
973 750 1014 806 κοί
1030 748 1075 807 καὶ
1086 747 1188 817 τοξόται
1204 749 1383 827 Μασσαγέται
1394 755 1577 824 κατοικοῦσιν,
1588 742 1670 830 ἐφόἷς
1686 752 1752 829 μήτε

146 842 196 901 καί
208 840 277 919 ίερδν
292 836 383 919 χορὸν,
404 834 418 894 θ
433 835 488 895 ἐστι
507 833 601 910 μέγαν,
620 832 688 909 μετά
706 836 758 891 τῶν
776 834 890 913 Βακχῶν
902 834 927 893 ἐ·
975 836 1050 902 αὐτὸς
1067 834 1118 915 ἐγὼ
1133 837 1312 913 πλησιάσαιμι
1326 836 1371 895 καί
1383 838 1604 917 προσεγγίσαιμι,
1615 836 1681 914 μήτε
1696 838 1753 897 άλ-

146 952 259 999 στησαν,
273 926 382 1001 ζώματα
397 925 442 983 καί
454 922 573 1003 νεύρῖδας
585 922 628 979 ἐπί
639 930 694 988 τοῖς
709 922 829 995 στήθεσιν
843 924 928 982 αὐτῶν
973 924 1016 987 λος
1028 922 1088 999 ἐμδς
1103 923 1185 1002 φίλος.
1231 924 1305 983 Πάνυ
1321 922 1370 1003 γάρ
1383 923 1582 1005 κακοξεινότεροι
1595 928 1648 983 τῶν
1667 926 1752 985 άλλων

145 1014 366 1094 περιύαλόμενοι,
392 1013 457 1071 εὐαί
475 1010 536 1069 εὐάν
550 1009 677 1087 λέγοντες.
690 999 775 1075 θύτας
789 1008 817 1066 δέ
835 1012 849 1066 θ
864 1008 930 1069 Διό·
974 1009 1051 1067 είσίν·
1063 1012 1182 1085 οὐδαμῶς
1194 1008 1245 1090 γάρ
1262 1012 1348 1077 αὐτοῖς
1363 1016 1379 1082 ἡ
1393 1011 1477 1093 τροφὴ
1497 1013 1573 1095 ἄρτος
1593 1013 1689 1082 ἐστίνὴ
1710 1016 1752 1072 εὐ·

145 1126 224 1168 νυσος
238 1105 293 1168 ταῖς
315 1104 408 1160 ἑαυτοῦ
430 1098 505 1181 φρεσί
526 1096 575 1168 τὴν
596 1096 685 1173 γενεδν
710 1098 765 1155 τῶν
785 1096 929 1176 ἀνθρώπιον
974 1104 1114 1177 φραντικοῦ
1126 1096 1284 1169 σίτου,οὐδέ
1301 1100 1314 1155 ύ
1330 1100 1356 1155 ἐν
1369 1101 1407 1175 τῷ
1423 1098 1499 1177 δήμῳ
1519 1096 1656 1173 πινόμενος
1670 1089 1753 1167 οἶνος,

146 1194 196 1251 καί
209 1191 244 1251 τά
260 1191 325 1263 ήθια
339 1194 386 1261 τῆς
400 1194 447 1266 γ’ἤς
460 1186 569 1259 ἐκείνης,
586 1186 705 1245 τουτέστι
719 1189 930 1266 περιφραστικῶς
975 1183 1042 1241 αἰλλύ
1054 1188 1091 1265 τῷ
1100 1186 1186 1264 λευκῷ
1198 1185 1311 1264 γάλακτι
1322 1184 1351 1243 τὸ
1363 1190 1414 1245 τῶν
1425 1184 1513 1245 ἵππων
1521 1177 1588 1263 αἷμα
1597 1189 1753 1263 ἀναμιγνύν-

145 1280 198 1353 τὴν
211 1284 259 1357 γῆν
272 1278 390 1348 ἐκείνην,
400 1274 550 1354 ἠγάπησεν.
973 1294 1015 1337 τες
1034 1272 1082 1342 τὴν
1108 1273 1221 1351 εὐωχίαν
1250 1274 1335 1331 αὐτῶν
1362 1273 1484 1333 τίθενται.
1525 1274 1588 1335 Ἐπί
1608 1274 1705 1343 τούτοις
1726 1275 1754 1334 δέ

189 1386 292 1428 τοο-τεο.
314 1364 379 1425 Ἐπί
399 1360 497 1427 τούτοις
513 1358 569 1431 δὲή
586 1358 696 1421 Κασπίσι
710 1358 865 1435 κυμαίνεται
881 1358 927 1417 θά-
975 1368 1028 1426 τοῖς
1043 1358 1228 1436 Μασσαγέταις
1243 1358 1365 1439 ἀνωτέρω
1378 1361 1441 1439 πρὸς
1453 1359 1487 1419 τθι
1504 1360 1592 1441 βόρεια
1610 1364 1675 1441 μέρη
1690 1364 1753 1422 εἰσίν

145 1456 247 1526 λασσα·
262 1451 356 1533 ρηδίωε
370 1448 397 1509 δέ
411 1471 451 1507 σοι
465 1446 511 1507 καί
525 1447 623 1517 ταύτην
635 1445 683 1517 τήν
698 1445 833 1505 θάλασσαν
846 1469 929 1505 κατα·
974 1450 997 1505 σί
1012 1445 1182 1526 Κωράσμιοι,
1193 1450 1234 1527 ἐφ’
1245 1438 1308 1521 οἶςή
1320 1449 1433 1528 Σουγδία
1444 1448 1556 1524 ἐστίχῆ,
1568 1441 1670 1521 ἧστινος
1684 1450 1753 1509 κατὰ

146 1543 300 1621 γράψαιμι,
326 1539 447 1615 οὐδαμῶς
468 1535 519 1615 μίν
539 1538 591 1593 τῶν
616 1532 712 1592 άποθιν
737 1530 928 1613 άπιρκισμίνων
974 1532 1003 1591 τύ
1018 1532 1096 1611 μέσον
1112 1534 1181 1593 ἐστίν
1200 1539 1214 1594 δ
1226 1532 1308 1615 μέγας
1322 1527 1547 1611 ποταμύςὮξος,
1561 1536 1631 1606 ὅστις
1648 1538 1678 1597 τδ
1694 1539 1754 1617 περὶ

146 1632 246 1709 χωρῶν
257 1626 303 1693 τύς
317 1625 398 1690 θέσεις
412 1621 491 1694 ἰδών,
501 1622 559 1683 οὐδί
570 1618 639 1699 μετδ
653 1621 715 1691 νηδς
729 1617 855 1700 περάσας
871 1618 930 1677 οὐδὲ
975 1618 1019 1685 τάς
1030 1619 1154 1679 Διονύσου
1167 1619 1284 1699 κείμενον
1296 1622 1394 1703 στήλας
1404 1622 1525 1701 Ἠμωδὸν
1535 1624 1591 1703 όρυς
1602 1624 1754 1685 καταλιπών

146 1714 203 1795 γάρ
216 1716 275 1793 ἐμοὶ
287 1718 402 1777 τοιοῦτος
416 1710 471 1791 βίος
490 1706 614 1787 ὑπῆρξεν,
630 1706 690 1767 οὐδὲ
707 1701 826 1787 πατρική
838 1704 884 1783 μοί
904 1709 930 1765 ἐ·
975 1707 1017 1766 ἐπὶ
1031 1708 1079 1778 τήν
1094 1707 1217 1767 Κασπίδα
1231 1706 1397 1789 κατέρχεται.

147 1826 209 1862 σειν
222 1801 345 1881 ἐμπορία,
357 1798 415 1859 οὐδὲ
431 1799 475 1858 ἐπί
488 1798 532 1857 τύν
543 1795 648 1877 Γάγγην
661 1794 837 1873 πεπόρευμαι,
852 1798 929 1854 ὁποῖα
1019 1814 1126 1855 τιν-τοι.
1143 1792 1221 1855 Μιτδ
1235 1800 1324 1855 τοῦτον
1340 1795 1366 1854 δί
1381 1796 1423 1855 ἐπί
1437 1803 1495 1862 ταῖς
1508 1804 1632 1875 προχοαῖς
1651 1795 1755 1876 Ἰαξάρ-

146 1887 244 1949 παλλοί
258 1886 302 1946 διὰ
321 1890 366 1945 τοῦ
383 1880 539 1963 Ἐρυθραίου
564 1881 659 1941 πόντοιι
672 1878 808 1954 πλίουσιν,
821 1878 867 1939 ἵνα
881 1903 930 1939 πυ·
974 1902 1020 1939 του
1044 1884 1208 1942 κατοικοῦσιν
1234 1882 1259 1941 οί
1277 1880 1365 1943 Σάκαι
1379 1880 1440 1951 τόξα
1471 1882 1604 1965 φέροντες,
1627 1886 1662 1950 ώς
1684 1882 1756 1950 ὄντες

147 1976 200 2037 λύν
212 1978 324 2037 πλοῦτον
334 1971 440 2034 λάθωσι
453 1974 500 2040 τῆς
508 1972 596 2050 ψυχῆς
609 1969 695 2029 αὐτῶν
707 1970 737 2027 οὐ
747 1966 930 2049 φροντίζοντες,
975 1966 1129 2042 πολεμικοί,
1147 1968 1222 2028 άτινα
1236 1970 1358 2047 οὐδαμῶς
1370 1992 1408 2038 τις
1426 1968 1502 2036 άλλος
1513 1968 1632 2041 τοξευτής
1643 1968 1755 2048 άπελίγ·

149 2063 212 2128 ἄλλ’
224 2061 282 2126 οὐδὲ
295 2069 354 2127 τοῖς
367 2057 516 2139 ’Υρκανίας
532 2055 717 2135 ἐπιμίσγομαι,
729 2054 787 2113 οὐδί
801 2062 848 2114 τοῦ
859 2056 931 2113 Καυ·
975 2056 1012 2126 ξοι
1021 2058 1064 2117 διδ
1073 2056 1104 2119 τδ
1115 2054 1220 2138 άκριόίς
1234 2059 1278 2117 καί
1292 2058 1428 2140 εὔστοχον·
1446 2058 1491 2117 καί
1502 2056 1554 2138 γάρ
1571 2060 1690 2137 οὐδαμῶς
1708 2060 1756 2117 αὐ-

147 2150 320 2231 ειάσοιιόρους
333 2145 533 2221 τδςκνημῖδσς,
548 2142 565 2204 θ
578 2142 635 2204 έστι
650 2142 708 2210 τούς
722 2140 875 2222 συμφύτους
886 2140 931 2203 καί
975 2148 1029 2213 τοῖς
1042 2146 1098 2204 ἐστι
1112 2144 1185 2223 θέμις
1206 2146 1225 2219 ἢ
1249 2146 1347 2209 δίκαιον
1366 2144 1467 2224 μάταια
1481 2147 1526 2206 καί
1544 2148 1602 2219 εἰκῆ
1624 2146 1755 2227 πέμπειν·

148 2237 366 2313 δασεῑςτάπους,
379 2234 425 2293 καὶ
443 2237 495 2293 τῶν
510 2230 673 2312 Ἐρυθραίων
693 2230 836 2312 Ἀριηνῶν,
856 2228 931 2309 οἵπερ
976 2234 1127 2305 ἐζημιοῦντο
1144 2234 1195 2315 γάρ
1215 2235 1246 2313 σί,
1259 2232 1494 2315 ἀποτυγχάνοντες.
1548 2233 1714 2315 Ὑπάρχυυσι
1728 2236 1756 2295 δέ

149 2327 218 2387 εἰσὶν
235 2324 305 2389 ἔθνος
323 2320 383 2401 περί
397 2320 445 2391 τήν
459 2318 589 2399 ’Βροθρδν
608 2318 753 2388 θοῶασσαν,
778 2317 933 2396 πολυπραγ-
978 2319 1024 2377 καί
1036 2323 1060 2379 οί
1077 2320 1194 2401 Τάχαροι
1212 2323 1296 2383 καίοί
1317 2324 1432 2405 Φροῦροι
1445 2322 1490 2381 καί
1505 2322 1539 2382 τδ
1561 2322 1681 2403 βάρύαρα
1695 2320 1757 2395 ίθνη

150 2417 235 2488 μονῶ·
248 2410 306 2469 ἀλλ’
326 2411 354 2468 αί
369 2404 477 2469 Μοῦσαί
491 2430 524 2483 με
535 2406 628 2485 άγουσι
639 2402 684 2462 καί
693 2404 823 2484 φέρουσιν,
839 2400 932 2468 αίτινες
979 2411 1032 2467 τῶν
1048 2408 1158 2489 Σηρῶν,
1173 2407 1263 2478 οἵτινες
1277 2408 1334 2477 τούς
1346 2410 1393 2486 μίν
1407 2409 1469 2486 βόας
1481 2409 1525 2469 καί
1535 2407 1569 2467 τθι
1584 2402 1757 2493 λιπαρώτατα

148 2503 233 2582 χωρίς
241 2496 397 2568 πλανήσεως
405 2494 453 2555 καί
464 2491 642 2557 κακοπαθείας
653 2488 702 2565 τὴν
715 2489 816 2563 πολλὴν
830 2490 930 2549 θάλασ-
980 2494 1100 2573 πρόύατα
1115 2496 1306 2575 ὐπαρνοῦνται,
1323 2494 1365 2554 διδι
1379 2494 1409 2556 τδ
1424 2494 1461 2573 μή
1474 2496 1608 2579 γινώσκειν
1624 2494 1653 2554 ιδ
1663 2497 1756 2575 χρήσι·

149 2612 203 2647 σαν
215 2588 260 2645 καὶ
274 2583 321 2655 τλν
338 2582 446 2661 άπειρον
463 2585 512 2661 γῆν
523 2576 568 2639 καί
583 2576 617 2636 τί
630 2577 679 2659 ὄρη
691 2576 739 2636 καί
749 2576 799 2649 τὴν
815 2579 930 2659 αἰθερίαν
978 2602 1025 2655 μον
1039 2582 1143 2659 αὐτῶν,
1157 2580 1190 2640 τά
1214 2580 1241 2641 δὲ
1257 2583 1366 2643 ποικίλα
1381 2582 1446 2656 άνθη
1462 2590 1508 2658 τῆς
1528 2583 1626 2663 ἐρήμου
1640 2587 1687 2660 γῆς
1700 2580 1758 2651 ξαί·
1773 2640 1780 2657 ,

150 2675 210 2735 ὅδθν
225 2678 277 2731 τῶν
291 2672 406 2750 ἀστέρων
424 2666 606 2748 μετρήσασθαι
618 2664 753 2726 δύνανται.
977 2690 1061 2733 νοντες
1084 2670 1264 2729 πολυδαίδαλα
1284 2668 1329 2731 καί
1353 2668 1500 2745 πολύτιμα,
1523 2668 1601 2747 ὅμοια
1624 2656 1692 2729 κάτδ
1710 2671 1757 2741 τήν

192 2781 303 2825 τεο-τεο.
318 2756 398 2819 Ἀλλά
409 2760 455 2826 τῆς
469 2750 932 2831 μίνΚασπίαςθαλάσσηςτδσχῆμα
976 2754 1134 2832 χροιδντοῖς
1157 2760 1204 2827 τῆς
1222 2756 1375 2835 λειμωνίδος
1396 2756 1472 2827 ποίης
1490 2755 1609 2829 άνθεσιν,
1633 2756 1691 2813 αἰντὶ
1711 2762 1757 2815 τοῦ
1830 2822 1833 2833 Ι

150 2851 288 2925 πανταχοῦ
310 2840 539 2923 περιελιττόμενον
559 2838 604 2899 καί
626 2837 826 2919 περιερχόμενον
841 2839 935 2897 κνκλο·
977 2846 1023 2912 τῆς
1037 2842 1244 2921 παραδεισιακῆς
1258 2848 1305 2920 γῆς
1319 2844 1373 2911 ταῖς
1388 2844 1492 2917 άνθεσι,
1505 2844 1757 2911 κατασκευάζουσιν·

149 2934 225 3017 τερίς
236 2938 320 2995 ἐστιν·
333 2932 455 3007 οὐδαμῶς
470 2926 501 2988 θν
515 2927 617 2998 ἐκείνην
630 2925 673 2986 ἐπὶ
683 2934 752 3008 τρεῖς
765 2923 874 2994 κύκλους
887 2928 934 2996 τῆς
977 2926 1082 2997 ἐκείνοις
1095 2930 1152 2990 οὐδέ
1164 2930 1194 2991 τθ
1207 2934 1258 2990 τῶν
1268 2934 1391 3012 ἀραχνῶν
1402 2928 1474 3012 ἐργον
1486 2928 1628 3005 ἐξισωθείη.
1669 2926 1757 2991 Ἄλλοι

150 3023 280 3099 σελήνης,
295 3019 427 3081 τουτέστιν
442 3017 485 3076 ἐπί
503 3025 571 3094 τρεῖς
580 3017 680 3092 μῆνας,
694 3012 831 3094 περάσεις·
844 3017 934 3071 τοσοῦ-
978 3015 1004 3094 δὲ
1021 3015 1113 3076 πυκνοὶ
1134 3018 1179 3076 καί
1202 3027 1316 3098 συνεχεῖς
1335 3018 1435 3078 Σκύθαι
1457 3018 1538 3096 είσίν,
1561 3015 1651 3084 οίτινες
1670 3041 1759 3076 κατοι-

149 3135 198 3172 τον
211 3111 262 3189 γάρ
279 3113 333 3168 ἐστι
347 3106 506 3185 δυσπίρατος
520 3107 535 3162 ὃ
548 3103 626 3170 τόπος
638 3105 743 3168 ἐκεῖνος·
759 3101 805 3168 El<
818 3098 933 3159 τούπίσω
978 3110 1052 3163 κοῦσι
1062 3101 1130 3164 κατά
1147 3103 1181 3162 τά
1197 3101 1298 3184 ἐσχατα
1313 3105 1396 3186 μέρη·
1408 3105 1518 3176 πλησίον
1537 3104 1564 3164 δέ
1582 3107 1666 3165 αὐτῶν
1680 3106 1759 3164 δυσά-

151 3201 184 3263 δέ
194 3200 239 3259 ἐπί
254 3197 288 3258 τδι
304 3197 410 3276 σἰριιτῶα
426 3193 492 3276 μέρη
506 3189 644 3266 ἑλκόμενος
657 3198 714 3254 ταῖς
730 3185 874 3266 προχύσεσι
887 3193 933 3246 τοῦ
978 3214 1053 3268 νεμος
1072 3191 1117 3250 καί
1140 3194 1192 3260 τοῖς
1212 3193 1355 3276 χειμερίοις
1373 3193 1476 3270 άνέμοις
1496 3193 1541 3254 καί
1562 3193 1618 3260 ταῖς
1630 3193 1759 3273 χαλάζαις

150 3291 270 3353 ὦκιανοῦ
285 3281 475 3360 ἀναμίγνυται·
492 3279 550 3350 ήτις
573 3275 702 3357 ’λ’ρκονία
718 3275 811 3341 ἐντοῖς
826 3276 934 3355 ἀνδράσι
978 3277 1135 3358 παράκειται
1148 3283 1194 3358 γῆ.
1207 3281 1332 3340 Τοσοῦτοι
1349 3277 1396 3356 μίν
1408 3281 1497 3360 ἄνδρες
1512 3279 1558 3352 τήν
1575 3280 1699 3341 Κασπίαν
1714 3279 1760 3338 θά-

152 3374 277 3450 θαύματα
291 3371 376 3431 πολλὰ
391 3366 462 3436 αὔξει
474 3366 521 3427 καί
534 3365 626 3442 ἕτερα,
640 3361 832 3424 άναόλαστάνει
847 3361 874 3419 δέ
889 3361 934 3420 καὶ
977 3367 1078 3424 λοισσαν
1089 3371 1274 3446 περιοικοῦσιν.
1591 3365 1596 3376 ’

151 3462 200 3523 υδν
215 3459 376 3541 κρύσταλλον
394 3455 440 3516 καί
453 3454 501 3528 τήν
515 3450 650 3522 σκοτεινήν
662 3451 768 3523 ίασπιν,
780 3449 828 3521 τὴν
839 3449 934 3528 ἐχθρὰν
1017 3475 1128 3515 τοο-ττι.
1144 3455 1359 3532 Διαλογιζόμενος
1377 3455 1405 3514 δὲ
1420 3454 1512 3514 σκόπει
1530 3454 1624 3532 άρτίοις
1639 3453 1690 3513 άπὸ
1706 3456 1758 3512 τῶν

150 3540 235 3610 οὐσαν
246 3550 303 3614 ταῖς
317 3541 460 3620 ἐμπούσαις
477 3541 523 3599 καί
544 3543 598 3606 τοῖς
617 3538 738 3614 δαίμοσιν
754 3533 772 3607 ἢ
788 3536 931 3615 φάσμασιν.
982 3541 1094 3620 Κόλχων
1108 3542 1208 3599 καὶτοῦ
1223 3542 1342 3608 Φάσιδος
1351 3543 1472 3618 ποταμοῦ
1483 3542 1526 3600 ἐπί
1538 3541 1585 3612 τὴν
1601 3541 1671 3600 δύσιν
1686 3541 1759 3618 παρδ

194 3649 300 3692 τεο-τεο.
311 3629 432 3690 Ἅπαντα
444 3628 473 3688 δέ
486 3651 527 3688 σοι
537 3627 597 3697 ἔθνη
610 3625 691 3699 λέξω,
706 3621 755 3683 ύσα
769 3625 816 3696 τήν
831 3622 935 3704 Ὑρκα-
979 3627 1008 3684 τδ
1027 3629 1115 3707 χεῖλος
1130 3633 1173 3685 τοῦ
1198 3627 1318 3696 Εὐξείνου
1332 3629 1427 3686 πόντου
1450 3628 1478 3687 τὸ
1494 3631 1589 3698 πλῆθος
1602 3631 1654 3686 τῶν
1677 3627 1757 3686 ἐθνῶν

150 3719 212 3774 νέαν
234 3716 390 3800 ήΚασηίαν
411 3716 545 3776 θάλασσαν
564 3720 704 3791 περιοικεῖ,
718 3711 860 3788 ἅρξᾶμῑνος
883 3710 935 3769 ἀπὸ
981 3719 1043 3795 ἄχρι
1057 3721 1101 3774 τοῦ
1125 3719 1260 3794 Θρρκικοῦ
1288 3716 1429 3792 στόματος,
1453 3715 1531 3796 ήγουν
1545 3719 1591 3774 τοῦ
1609 3714 1760 3793 Βοσπόρου,

150 3808 203 3876 τῆς
224 3805 454 3882 δυτικῆςπλιυρῦς
477 3805 508 3862 ἐκ
527 3807 573 3860 τοῦ
590 3806 683 3880 βορρᾶ.
726 3802 833 3880 Πρῶτοι
849 3799 896 3876 μὲν
911 3802 935 3857 οί
979 3803 1133 3876 όπουὴτῶν
1148 3804 1338 3881 Καλχηδονίων
1358 3803 1433 3883 χώρα
1446 3797 1526 3861 ἐστίν.
1570 3803 1645 3861 Μετὰ
1660 3799 1686 3858 δέ
1701 3800 1760 3867 τούς

153 3891 259 3952 Σκύθαι
278 3892 458 3970 ὑπάρχουσιν,
475 3889 565 3949 ὁπόσοι
592 3887 660 3948 κατὰ
676 3887 725 3959 τήν
740 3885 873 3966 παραλίαν
898 3889 935 3944 οἶ·
982 3891 1100 3969 Κόλχους
1119 3890 1212 3968 πρῶτά
1239 3893 1303 3949 εἰσιν
1320 3891 1381 3962 ἔθνη
1401 3893 1425 3949 αί
1446 3890 1572 3968 Βύζηρες,
1586 3886 1633 3946 καί
1648 3887 1759 3960 πλησίον

150 3983 232 4038 ειοῦσι
244 3981 292 4049 τῆς
308 3978 420 4056 Κρυνίας
434 3976 567 4047 θαλάσσης
579 3975 648 4034 κατδ
668 3975 698 4033 τὸ
713 3975 799 4049 στόμα
812 3977 858 4044 τῆς
877 3975 935 4034 Κα·
981 3980 1065 4036 αὐτῶν
1081 3977 1113 4035 τδι
1129 3979 1188 4050 ἔθνη
1204 3982 1254 4036 τῶν
1269 3981 1416 4057 Βεχείρων,
1437 3976 1482 4035 καί
1498 3979 1521 4035 οί
1542 3976 1699 4054 Μάκρωνες,
1714 3976 1759 4034 καί

151 4067 247 4132 σπίδυε
258 4067 401 4138 θαλάσσης.
443 4063 555 4146 Ἐφείῆς
576 4063 603 4122 δί
619 4053 729 4134 Οῦννοι,
744 4063 785 4121 ἐπ’
802 4059 935 4126 αὖτοῖεδί
980 4071 1004 4126 οί
1025 4067 1156 4144 Φίλυρες,
1181 4062 1226 4123 καὶ
1249 4063 1340 4132 οἵτινες
1359 4063 1418 4131 τούς
1441 4063 1525 4130 οίκους
1544 4063 1629 4121 αὐτῶν
1648 4057 1761 4129 ξυλίνους

151 4156 181 4214 οἱ
203 4154 336 4225 Κάσπιοι,
352 4155 396 4211 ἐπὶ
419 4151 519 4218 τούτοις
533 4151 561 4208 δέ
586 4150 667 4208 πάλιν
689 4151 714 4208 οἱ
727 4139 937 4224 πολεμικώτατοι
981 4153 1094 4232 ἔχουσιν.
1138 4139 1265 4210 Ὦντινων
1282 4151 1393 4222 πλησίον
1410 4151 1473 4209 εἰσίν
1488 4150 1511 4208 οί
1526 4149 1758 4227 πολυθρέμματοι,

154 4239 295 4312 Ἄλύανοί,
309 4241 355 4298 καί
368 4242 393 4298 οί
405 4238 454 4310 τὴν
467 4238 632 4318 ύπεράνωθεν
647 4239 732 4296 αὐτῶν
742 4245 867 4317 τραχεῖαν
886 4237 936 4312 γῆν
981 4239 1039 4310 ήτοι
1052 4237 1138 4296 πολλδ
1149 4236 1286 4316 θρέμματα
1301 4237 1419 4316 ἔχοντες,
1429 4236 1591 4318 Τιόαρηνοί·
1605 4236 1647 4296 ἐπί
1661 4234 1760 4302 τούτοις

142 4335 336 4394 ,κατοικοῦντες
351 4326 508 4398 Καδούσιοι,
524 4325 566 4383 ἐπ’
587 4327 674 4394 αὐτοῖς
687 4324 714 4384 δέ
727 4327 751 4384 οἱ
769 4325 872 4404 Μάρδοι
891 4323 937 4382 καλ
981 4327 1008 4386 δί
1022 4329 1045 4384 οί
1061 4323 1183 4391 Κάλυόες
1198 4324 1246 4395 τὴν
1259 4325 1449 4400 άμετακίνητον
1461 4321 1506 4382 καί
1521 4321 1635 4403 σκληρίιν
1650 4325 1698 4401 γῆν
1711 4345 1760 4381 κα·

152 4418 182 4474 οἱ
197 4414 332 4493 Ὑρκάνιοι
353 4413 397 4473 καί
421 4417 446 4470 οἱ
470 4413 601 4472 Τάπυεοι.
645 4411 709 4472 Ἐπ’
731 4412 816 4477 αὐτοῖς
838 4409 865 4468 δέ
888 4409 935 4482 τήν
981 4417 1110 4487 τοικοῦσι,
1132 4411 1166 4469 τά
1179 4416 1224 4470 τοῦ
1246 4415 1379 4492 μοχθηροῦ
1399 4410 1506 4490 σιδήρου
1521 4409 1584 4488 ἐργα
1607 4410 1760 4487 μεμαθηκό·

153 4501 317 4580 περιπλοκήν
332 4502 410 4559 αὐτοῦ
425 4498 563 4580 συστρέφει
577 4504 591 4558 θ
604 4503 650 4568 τῆς
663 4497 805 4578 Ὑρκανίας
819 4499 939 4574 ποταμὸς
981 4523 1038 4571 τες,
1061 4497 1155 4564 οἵτινες
1187 4497 1360 4577 βαρυκτύποις
1386 4497 1493 4577 σφύραις
1514 4497 1557 4556 ἐπί
1572 4503 1624 4563 τοῖς
1647 4497 1759 4576 άκμοσιν

155 4590 278 4668 Μάρδος,
289 4591 341 4647 τῶν
356 4586 507 4666 Διρκιόίων
524 4586 569 4646 καί
582 4589 634 4645 τῶν
648 4585 852 4646 πλουσιωτάτων
868 4583 937 4666 ὕδωρ
981 4585 1145 4666 ἐστηρικάτες
1157 4589 1203 4653 τῖς
1224 4586 1308 4656 δεινῆς
1325 4585 1505 4665 ταλαιπωρίας
1518 4583 1563 4642 καὶ
1583 4588 1627 4643 τοῦ
1641 4584 1759 4662 χαλεποῦ

152 4675 299 4752 Βάκτρων·
324 4673 357 4732 δι’
374 4673 528 4754 ἀμφοτέρων
551 4673 603 4752 γάρ
626 4671 808 4752 διερχόμενος,
832 4675 884 4731 τῶν
908 4695 938 4730 τε
981 4673 1062 4733 κόπου
1076 4673 1196 4748 οὐδαμῶς
1206 4671 1342 4732 παύονται.
1735 4668 1738 4678 '

152 4761 308 4839 Διρκεύίων
323 4761 369 4820 καί
383 4763 510 4838 Βάκτρων
516 4806 525 4837 ,
540 4763 576 4827 εἰς
589 4760 637 4832 τήν
661 4759 785 4822 Κασπίαν
802 4760 936 4820 θάλασσαν
1020 4779 1124 4821 mm.
1140 4757 1215 4818 Μιτίι
1231 4756 1258 4817 δί
1272 4757 1377 4826 τούτους
1394 4755 1453 4823 τούς
1466 4756 1591 4824 Κάλυύας
1605 4761 1650 4829 τῆς
1664 4756 1760 4817 Ἀσσυ-

154 4846 293 4912 ἐκύάλλει.
335 4847 406 4906 Ἀλλ’
422 4850 447 4907 οἱ
465 4847 512 4918 μέν
537 4848 652 4926 Βάκτροι
667 4847 717 4907 ίιπδ
735 4847 783 4920 τὴν
795 4847 936 4930 εὐρυτέραν
982 4845 1038 4928 ρίας
1050 4849 1098 4926 γῆς
1123 4846 1283 4926 ἡπρόχυσις
1298 4845 1496 4904 ἐκτετάνυοται·
1513 4845 1582 4924 λέγει
1603 4827 1630 4904 δέ
1652 4845 1685 4903 τὰ
1699 4845 1759 4924 περὶ

153 4936 247 5016 χώραν
256 4933 463 5013 τῆςήπείρυυ,ὃ
478 4935 532 4996 ἐστι
546 4935 593 5008 τήν
606 4934 751 5012 μεσόγειον,
759 4941 936 5012 κατοικοῦσιν,
980 4934 1158 5014 Θερμώδοντα
1173 4935 1218 4992 καί
1240 4933 1441 5013 Παφλαγονίαν·
1463 4931 1528 4993 ὅπου
1552 4943 1608 5000 ταῖς
1622 4933 1759 5008 Ἀμαζόσιν

154 5023 210 5081 ὐπὸ
227 5031 280 5090 τοῖς
292 5032 402 5099 κνημοῖς
412 5028 458 5081 τοῦ
473 5023 645 5101 Παρνασσοῦ·
661 5025 696 5090 εἰς
710 5022 737 5082 δί
747 5023 778 5082 τδ
791 5021 876 5103 ἕτερον
890 5020 938 5097 μί·
982 5023 1091 5082 ἀπὸτοῦ
1109 5019 1242 5102 Ἀρμενίου
1260 5020 1333 5100 ὄρους
1347 5021 1377 5080 τδ
1388 5020 1480 5081 λευκὸν
1494 5021 1564 5102 ύδωρ
1578 5025 1591 5080 ύ
1611 5017 1758 5096 πολεμικοί·

155 5113 277 5190 ρος,τῆς
288 5108 431 5188 Ὑρκανίας
449 5109 568 5180 δηλονότι
581 5111 611 5170 τὸ
624 5109 721 5188 δεξιὸν,
745 5110 789 5170 ἐπί
804 5115 855 5178 τοῖς
878 5113 935 5169 Κα-
968 5132 1056 5192 ,τατος
1077 5107 1226 5188 Θερμώδων
1245 5108 1413 5188 προπέμπει,
1428 5109 1497 5175 ὅστις
1521 5109 1584 5167 ποτί
1607 5107 1757 5185 Θερμώδων

155 5198 247 5266 σιτίοις
258 5199 385 5259 ύδασινοί
403 5197 551 5278 Δερκίύιοι.
981 5195 1028 5270 τὴν
1043 5195 1160 5257 Ἀσώπου
1174 5197 1302 5278 θυγατέρα
1319 5196 1442 5268 Σινώπην
1460 5195 1632 5272 πλανωμένην
1654 5193 1758 5261 ἐδέξατο

1643 5299 1677 5342 ΒῚ.
