3884 5925
272 463 308 516 22
878 447 1053 506 utourstt
1075 447 1260 506 utzauttt

270 587 338 640 riuos
350 595 441 659 portus
453 586 520 637 intra
532 601 637 634 murum
653 581 749 634 catenis
763 579 862 632 clausos
870 578 973 641 habuit,
986 595 1053 648 quo·
1096 577 1166 631 ridas
1177 597 1192 632 a
1203 581 1302 632 Grauis
1311 579 1407 644 dietas,
1422 581 1449 632 in
1459 597 1524 650 quas
1536 580 1720 634 subducuntur
1729 585 1830 652 navigia,
1839 600 1861 642 et

271 693 331 728 rum
342 673 447 726 bmcbia
460 670 621 724 sustinebant
638 677 723 722 turres
739 667 813 720 valde
823 667 978 720 eminentes.
994 666 1054 718 Fuit
1095 664 1168 735 palos
1176 664 1287 730 defixos,
1298 665 1332 718 ad
1343 684 1410 736 quos
1421 666 1462 718 illa
1469 666 1617 736 alligantur,
1626 668 1771 742 continens,
1778 688 1859 740 aquas.

271 739 347 814 etiam
360 769 452 832 portus
473 756 679 828 Phosphoriusa
694 753 826 824 Stephano
840 747 883 818 (V.
903 743 1051 822 Βόσπορος)
1095 768 1147 819 que
1177 751 1295 804 salientes
1321 739 1396 804 extra
1421 769 1511 804 muros
1532 771 1564 804 ex
1585 751 1781 822 aquaeductibus
1798 758 1860 810 urbis

271 859 505 910 commemoratum
524 845 573 897 suit
589 845 732 905 Nomium,
746 840 795 894 suit
811 841 878 894 scala
894 842 1008 902 Timasi,
1024 851 1054 893 ut
1095 836 1176 889 claras
1190 849 1216 890 et
1229 837 1351 909 liquidas,
1365 839 1461 908 partim
1475 838 1611 908 potabiles,
1626 839 1721 909 partim
1734 841 1859 897 resilientes

271 937 298 988 in
318 935 471 988 tractatione
491 931 564 984 urbis
580 930 681 1000 plenius
697 927 895 980 monstrabitur.
913 930 964 980 Pro
979 938 1055 997 porta
1096 923 1123 974 in
1145 924 1251 994 euripos
1272 941 1432 976 marmoreos
1449 923 1483 976 ad
1504 942 1604 995 pannos
1623 923 1754 977 lavandos.
1773 929 1860 981 Deinde

270 1040 349 1092 quam
364 1021 441 1088 vulgo
456 1028 550 1070 uocant
564 1018 653 1070 Oriatn
670 1026 807 1086 corrupte,
823 1017 895 1084 quasi
909 1015 971 1068 olim
985 1017 1054 1066 Neo·
1097 1008 1168 1061 lueri
1188 1011 1271 1080 spatio
1295 1009 1454 1062 exaedificato
1471 1008 1587 1062 succedit
1605 1019 1682 1080 porta
1700 1011 1859 1078 Farinaria,a

271 1111 303 1161 rii
324 1119 443 1180 portam,
469 1108 582 1177 spatium
601 1103 671 1174 jacet
689 1121 800 1155 vacttum
820 1101 853 1154 ad
876 1101 1055 1154 exonerandas
1095 1099 1189 1150 Turcis
1212 1108 1303 1154 rneata
1326 1097 1439 1168 Uncupi.
1464 1102 1533 1150 Ante
1556 1107 1661 1168 portam
1685 1109 1723 1150 est
1737 1101 1858 1163 escalata,

271 1212 348 1248 riores
370 1191 611 1252 accommodatum
639 1199 710 1260 patet
731 1189 858 1240 ducentos
883 1187 1055 1256 quadraginta
1096 1183 1141 1235 ubi
1163 1183 1293 1236 frumenta
1309 1194 1335 1236 et
1354 1183 1444 1236 larino
1460 1183 1620 1240 venduntur.
1637 1185 1684 1235 Est
1699 1185 1773 1236 etiam
1794 1187 1859 1239 adib-

214 1334 217 1342 ,
270 1298 361 1352 passus
373 1281 400 1332 in
412 1277 618 1348 longitudinem,
635 1277 660 1327 in
673 1274 835 1328 latitudinem
847 1292 908 1326 vero
920 1285 981 1327 ante
993 1294 1054 1346 por·
1096 1273 1165 1323 cium
1177 1289 1309 1340 magnum,
1320 1272 1427 1342 plenum
1437 1273 1517 1324 saccis
1529 1270 1620 1323 larium
1630 1271 1770 1342 qiradratis,
1781 1273 1858 1327 laneis.

272 1380 324 1425 tam
338 1377 442 1419 centum
455 1382 596 1436 passuurn;
608 1364 686 1434 paulo
697 1363 763 1415 ultra
774 1373 875 1432 portam
886 1363 914 1414 in
926 1365 1055 1432 quinqua·
1096 1361 1174 1410 Juxta
1196 1376 1275 1409 naves
1294 1367 1364 1410 stant
1384 1347 1561 1410 irumentariae
1577 1357 1714 1428 permulta
1732 1367 1758 1408 et
1772 1360 1858 1429 soepba

270 1455 341 1520 ginta
356 1453 503 1520 stringitur,
516 1449 586 1502 uode
604 1447 724 1520 trajectus
735 1459 774 1500 est
787 1447 820 1499 ad
831 1447 1013 1518 Chrysopolim
1029 1458 1054 1499 et
1095 1443 1224 1523 plurimae,
1235 1444 1392 1514 trajicientes
1405 1446 1432 1497 in
1444 1445 1568 1497 ulteriora
1578 1444 1738 1497 suburbana.
1752 1447 1795 1496 Fst
1808 1448 1857 1498 item

211 1562 214 1570 ·
271 1537 480 1600 Chalcedonam,
498 1536 543 1587 ubi
557 1537 634 1587 etiam
650 1551 702 1585 orae
715 1534 851 1585 maritimae
862 1532 1055 1603 praelectustn‘·
1097 1533 1164 1585 ardes
1175 1535 1322 1585 Mametana
1332 1532 1441 1603 plumbo
1449 1544 1525 1597 tecta,
1535 1550 1597 1584 cum
1607 1533 1675 1584 turri
1684 1532 1858 1597 excelsa,unde

272 1624 351 1676 bunal
365 1623 457 1685 babet,
478 1621 521 1673 ubi
535 1623 596 1672 item
613 1619 708 1673 alonius
726 1619 834 1688 portarii
847 1618 968 1682 Turcici,
983 1629 1014 1672 ut
1026 1620 1053 1671 in
1096 1621 1240 1674 exclamare
1263 1639 1353 1692 preces
1375 1621 1511 1692 presliyter
1527 1631 1553 1673 et
1572 1638 1683 1673 eromre
1695 1620 1757 1672 solet
1776 1622 1857 1674 incobs

270 1712 404 1763 contrario
423 1709 509 1761 littore
520 1707 641 1760 Gatattno
658 1716 695 1757 cst
707 1705 786 1758 altera
807 1704 902 1757 domus
914 1707 1054 1758 constituta
1097 1709 1173 1762 viculi
1184 1709 1330 1762 suburbani
1345 1710 1388 1762 siti
1401 1718 1462 1760 ante
1471 1709 1539 1760 hanc
1547 1718 1663 1779 portam,
1674 1724 1705 1758 ex
1716 1724 1765 1776 qua
1776 1707 1857 1775 ingres·

271 1795 304 1848 ad
316 1794 472 1864 exigendum
485 1793 630 1864 portorium
643 1793 815 1844 Francorum.
833 1793 892 1843 Post
904 1791 955 1843 boc
973 1793 1053 1844 inter·
1096 1815 1140 1849 sus
1158 1808 1229 1868 patet
1242 1799 1270 1850 in
1288 1798 1357 1850 viam
1378 1806 1554 1865 assurgentem
1573 1813 1621 1866 per
1639 1794 1750 1846 inediam
1767 1795 1855 1858 vallem,

272 1883 367 1936 vallum
385 1893 424 1934 est
444 1881 530 1934 torum
545 1881 702 1950 piscanum,
719 1897 751 1930 ex
767 1895 821 1948 quo
840 1895 949 1946 inagnns
961 1877 1053 1949 trajec-
1097 1885 1173 1936 tento
1190 1895 1217 1936 et
1232 1895 1327 1954 quarto
1341 1883 1413 1936 urbis
1429 1883 1538 1935 cottttrus
1551 1882 1677 1936 clausam.
1697 1883 1756 1933 ttae
1766 1881 1856 1951 quiden

272 1979 315 2020 tus
330 1977 400 2038 patet
414 1966 447 2018 ad
459 1966 592 2029 Galatam,
612 1981 690 2034 quent
705 1963 805 2032 antiqui
822 1962 985 2034 appellabant
1001 1974 1054 2017 tra-
1097 1971 1144 2021 etsi
1158 1969 1318 2040 pervulgata,
1340 1979 1427 2021 umen
1441 1966 1594 2035 negligenda
1608 1984 1663 2017 non
1677 1966 1775 2033 cepsui,
1790 1976 1814 2017 nt
1826 1965 1855 2017 [a.

269 2051 368 2122 jectum
392 2054 531 2122 Syoentlm·
556 2053 579 2102 Λ
600 2060 673 2117 mtto
693 2048 821 2100 051U1'b55
841 2058 916 2118 POt'lss
942 2050 1070 2110 Pisearia
1096 2055 1171 2107 cilius
1184 2056 1352 2125 perveniatur
1367 2055 1394 2105 in
1411 2054 1544 2106 notionem
1557 2053 1726 2121 antiquorum
1742 2050 1854 2112 locorum,

271 2149 430 2209 nuncupata,
451 2154 503 2206 qua
516 2133 709 2188 ffitendlluwd
723 2152 846 2202 magnum
862 2133 965 2198 sdtum,
981 2135 1054 2204 quod
1097 2159 1183 2212 quara
1202 2142 1386 2211 promontorio
1408 2140 1535 2209 Bosporio
1549 2137 1582 2191 ad
1601 2149 1704 2209 portam
1717 2138 1855 2189 Farinarian

269 2226 350 2277 Turci
363 2225 500 2276 nominant
515 2227 642 2276 Berortrn.
661 2226 680 2274 Α
696 2232 771 2291 porta
785 2222 897 2273 Piscnria
911 2239 956 2273 orn
975 2223 1054 2273 maris

271 2309 392 2380 frequens
411 2309 568 2361 suburbanis
592 2308 619 2359 in
639 2306 829 2375 longitudinem
849 2306 1053 2377 quadringento-

270 2414 329 2448 rum
352 2396 541 2467 quinquaginta
561 2411 684 2463 passuum
706 2393 875 2446 continuatur
898 2391 931 2444 ad
951 2403 1052 2463 portam

270 2484 466 2544 Fructuariam,
486 2499 565 2551 quarn
585 2482 664 2532 Turci
686 2480 815 2550 appellant
829 2479 980 2551 Gcnricupt',
1005 2480 1051 2532 nbi

269 2588 348 2623 omne
362 2588 442 2638 getius
457 2569 589 2621 fruetuum
605 2579 657 2619 tam
673 2568 816 2619 recentium
835 2585 914 2636 quam
932 2566 1052 2620 condito·

270 2673 329 2708 rum
347 2667 371 2708 et
387 2656 491 2724 bugum
512 2653 702 2706 esculentorum
715 2654 845 2706 renalium
864 2664 993 2707 mercatus
1007 2655 1052 2706 ba·

269 2741 363 2794 betur:
380 2740 449 2793 unde
462 2757 570 2808 magnus
584 2737 705 2808 trajectus
719 2740 819 2791 exsistit
836 2738 870 2791 ad
885 2739 1014 2793 Galatam.
1030 2745 1052 2792 Α

268 2837 343 2897 porta
365 2827 517 2880 unctoria
539 2825 572 2878 ad
592 2835 695 2894 portam
712 2825 878 2892 lignarium,
902 2825 935 2877 ab
954 2827 1053 2878 acervis

269 2911 397 2983 lignorum
410 2910 537 2962 renalium
550 2911 706 2960 constructis
721 2911 747 2960 in
757 2909 909 2981 antplaarea
918 2921 979 2962 ante
992 2928 1053 2982 por·

269 3009 320 3051 tam
334 2998 458 3068 explicata
471 2996 634 3068 appellatam,
657 2996 821 3051 intercedunt
839 2997 945 3051 ducenti
959 3016 1051 3069 passus

265 3084 340 3154 juxta
356 3086 437 3149 littus,
451 3084 519 3154 pleni
534 3082 649 3135 adificiis
662 3094 688 3135 ct
700 3084 777 3135 variis
790 3084 919 3147 tabernis,
935 3085 991 3137 aliis
1003 3085 1051 3137 ob·

227 3222 234 3231 ,
268 3172 421 3235 noeriorum,
437 3170 584 3232 fructuum,
597 3169 653 3221 aliis
667 3170 774 3221 aliarum
793 3187 891 3221 rerum.
905 3173 978 3227 Inter
989 3170 1052 3223 aedi·

270 3258 328 3311 licia
341 3269 366 3310 et
380 3275 486 3310 minum
505 3256 578 3308 urbis
590 3257 705 3309 excurrit
716 3254 756 3307 via
772 3256 821 3308 lata
834 3256 948 3307 silicibus
962 3266 1051 3322 strata,

267 3343 373 3415 etjuxta
387 3343 455 3398 nturi
468 3340 613 3412 crepidines
624 3342 765 3395 constituta
780 3352 841 3393 sunt
852 3358 927 3411 atptae
937 3343 1050 3405 castella,

268 3448 382 3501 (prorum
402 3431 451 3482 alia
468 3430 577 3499 perenni
597 3429 681 3481 fistula
705 3446 799 3499 atpram
822 3428 978 3498 largiuntur,
1002 3431 1051 3483 alia

267 3518 395 3589 operculis
409 3516 440 3570 ad
460 3529 563 3587 tempus
581 3528 737 3569 reserantur.
753 3520 775 3570 Α
793 3526 869 3587 porta
888 3518 1011 3585 Lignaria
1024 3518 1051 3569 in

267 3604 456 3673 longitudinem
481 3614 657 3657 trecentorum
679 3622 801 3674 passuum
832 3605 937 3656 invenio
957 3604 1051 3656 domos

266 3703 415 3763 perpetuos,
433 3692 547 3762 exeeptis
560 3692 607 3742 viis
619 3690 865 3755 intercurrentibus,
879 3691 941 3763 alias
960 3691 1005 3743 ubi
1021 3690 1051 3742 li·

211 3814 216 3823 ·
266 3798 316 3847 gna
345 3779 489 3831 materiaria
515 3778 675 3843 venduntur,
699 3778 761 3831 alias
787 3778 830 3830 ubi
858 3768 943 3849 capsae
971 3778 1048 3831 bunt.

266 3864 369 3919 Deinde
378 3864 492 3920 succedit
504 3866 615 3934 spatium
627 3876 803 3917 trecentorum
815 3884 937 3936 passuum
945 3864 978 3917 ab
988 3864 1049 3921 ndi-

266 3951 332 4009 liciis
346 3968 471 4029 vacuum,
489 3950 570 4003 solam
585 3952 652 4002 viam
665 3950 780 4006 silicibus
795 3961 901 4003 stratam
910 3938 942 4006 'ct
955 3950 1051 4005 Fscha·

273 4088 526 4109 ,η’-

265 4192 297 4226 rx
316 4173 495 4245 promontorio
528 4174 650 4245 Bnrporio
678 4186 857 4241 trunsnntnspe
885 4174 913 4227 in
943 4173 1038 4226 Asiam

301 4257 345 4305 Fr.
365 4274 391 4321 9.
414 4253 649 4321 direttrnstexionem
673 4252 855 4325 excipiebant]
878 4254 1047 4321 legebatur:

264 4330 470 4391 ronnnionnn,
489 4330 736 4399 cirunrnstrnioncrn,
754 4350 811 4403 quur
826 4332 983 4404 excipiebat.
1004 4333 1046 4385 Ci.

264 4410 364 4480 Gyllius
377 4411 404 4463 in
413 4410 530 4480 Topogr.
543 4410 634 4462 Const.
645 4427 672 4479 p.
687 4426 718 4461 ra
730 4426 736 4461 :
747 4410 889 4469 Binarriur
903 4410 1047 4479 Byzantius

265 4488 1046 4561 truditBnrporiprinruncircuitionemexciperetresportus,

264 4578 290 4619 et
302 4586 328 4639 p.
346 4574 380 4623 Bo
396 4586 402 4620 2
418 4566 548 4637 Artjnngtr
562 4568 703 4637 Dionysius
756 4581 819 4640 post
833 4587 976 4621 trutcronrru
986 4588 1049 4641 pro·

266 4646 388 4699 rnorrtorii
402 4645 521 4717 Bosporii
535 4647 622 4701 sinum
636 4652 710 4699 (erus
727 4646 888 4719 appellatum
908 4648 1049 4701 innrrisirse

266 4735 317 4775 tres
327 4734 422 4795 portus
444 4723 561 4776 turribus
576 4737 600 4776 ct
617 4725 728 4777 tualibus
740 4725 863 4779 nutrtitos'.
879 4726 931 4778 Dio
946 4726 1049 4779 Cassius

264 4800 335 4871 apud
348 4802 514 4872 Xiphllinum
532 4821 558 4874 p.
575 4804 624 4866 dor
641 4804 745 4857 nonnisi
762 4804 829 4857 duos
842 4814 934 4876 portus
948 4822 1048 4858 memo-

265 4890 305 4933 tat
320 4898 325 4933 :
340 4880 372 4931 Oi
386 4900 412 4933 τε
427 4880 523 4949 λιμένες
535 4880 602 4943 ἐντὸς
617 4884 713 4953 τείχους
729 4883 979 4955 dppdrspotnltneroi
989 4883 1048 4936 ἁλύ-

265 4978 331 5012 σεσιν
345 4956 472 5026 inarmati
485 4961 596 5030 αἱχηλαὶ
611 4961 689 5015 αὐτῶν
699 4963 804 5034 wippone
820 4962 855 5033 ἐφ’
871 4962 971 5034 ἑκάτερα
984 4964 1048 5017 πολὺ

264 5039 413 5107 προέχοντας
424 5039 517 5109 ἔφερον,
524 5040 582 5093 ὥστ’
589 5040 679 5111 ἄπορον
690 5047 726 5111 τῷ
736 5042 849 5115 πολεμίῳ
858 5042 900 5095 τὸν
908 5042 1047 5113 πρόσπλουν

261 5119 355 5169 ποιεῖν.
369 5119 519 5186 Ducangius
532 5120 659 5171 insonst.
672 5120 770 5175 Christ.
783 5140 811 5192 p.
830 5139 857 5173 11
871 5122 977 5173 tertium
987 5139 1049 5192 por-

265 5204 322 5247 tum
340 5206 369 5248 ut
382 5197 498 5249 inutilem
513 5217 526 5249 a
545 5198 672 5267 llynautiis
688 5211 870 5268 exaggeratum
888 5210 948 5253 ante
958 5202 1046 5253 Severi

265 5283 382 5353 tentpmn
395 5277 534 5339 existimat,
547 5276 625 5348 idque
635 5297 688 5331 csse
699 5297 781 5332 consu
793 5298 840 5341 cur
853 5278 967 5339 duorum
982 5278 1049 5332 dun·

1096 2229 1170 2298 ponit
1183 2228 1324 2296 Dionysius
1338 2226 1487 2296 Byzantius.

1434 2451 1484 2510 Fr.
1507 2457 1536 2508 tt.

1136 2671 1146 2690 ι
1163 2649 1247 2716 Supra
1268 2643 1365 2702 etiarn,
1383 2641 1469 2710 inquit
1479 2678 1486 2702 ‚
1498 2636 1704 2710 promontorium
1725 2635 1855 2704 Bosporion

1096 2734 1219 2807 tcmpbun
1231 2744 1269 2784 cst
1284 2729 1401 2802 tt'epnnt
1412 2727 1560 2797 antiquum,
1575 2723 1651 2796 apud
1659 2722 1785 2794 quodsuit
1799 2721 1853 2790 lupis

1097 2822 1124 2874 iu
1141 2839 1211 2872 orare
1221 2819 1343 2879 eminens,
1368 2835 1441 2888 quern
1456 2813 1609 2882 Byzantinis
1623 2812 1649 2863 in
1666 2811 1745 2864 Iocttrn
1758 2807 1854 2859 oruntio-

1096 2928 1147 2961 rcnr
1159 2926 1241 2980 stupro
1253 2905 1371 2959 studium
1384 2903 1524 2973 transferre
1535 2899 1705 2958 conantibtts,
1720 2916 1766 2948 nou
1776 2895 1854 2967 perni-

1095 2997 1134 3048 rit
1152 3012 1179 3047 se
1196 2992 1348 3062 transferri,
1369 2991 1426 3043 situ
1445 3006 1538 3040 anans
1561 2988 1646 3038 Iocnm
1662 2984 1728 3036 nari
1742 2983 1852 3036 uirinnn.

1095 3082 1152 3134 ritu
1167 3078 1301 3133 ostendens
1318 3076 1399 3149 porei
1419 3073 1541 3127 nrontcnti
1563 3090 1617 3125 csse
1633 3069 1731 3143 pietati
1748 3067 1852 3119 diritius.

1096 3168 1148 3220 Sub
1170 3168 1265 3238 templo
1281 3162 1399 3235 Neptuni
1414 3162 1484 3215 intra
1501 3159 1575 3212 urbis
1589 3176 1706 3219 metrum,
1724 3155 1750 3208 in
1766 3152 1853 3207 tonan

1095 3253 1234 3325 planitiem
1246 3248 1398 3323 explicatis,
1412 3258 1486 3301 erant
1496 3244 1589 3299 studio
1598 3256 1624 3297 ct
1634 3241 1774 3313 gymnasia.
1787 3243 1819 3291 At
1828 3257 1853 3289 cr

1096 3340 1178 3393 muris
1193 3351 1272 3411 porte
1292 3348 1349 3390 crat
1363 3334 1508 3401 'rinrigutio
1532 3334 1559 3385 in
1581 3332 1669 3384 sinum
1692 3334 1763 3382 Cema
1780 3326 1850 3378 lenito

1094 3428 1185 3489 ditans.
1211 3425 1330 3477 Primam
1352 3420 1527 3495 protonotarii
1548 3418 1670 3493 Bosporii
1692 3414 1852 3469 conuersioncn

1094 3513 1120 3565 si
1123 3531 1150 3564 ru
1161 3510 1393 3580 circunfleaionem
1406 3506 1570 3579 excipiebant
1589 3517 1643 3557 trra
1647 3515 1748 3575 portus,
1763 3516 1852 3571 priorun

1095 3599 1194 3651 medius
1205 3597 1274 3650 sotir
1284 3594 1432 3673 profundus
1443 3614 1461 3645 o
1480 3592 1571 3646 ceteris
1583 3592 1670 3643 nam
1682 3590 1811 3655 tegebatur,
1825 3585 1852 3635 ul

1095 3688 1189 3757 Africo
1202 3697 1276 3737 tutus
1288 3683 1392 3736 amitino
1402 3700 1452 3733 non
1465 3692 1539 3741 erut,·
1549 3678 1641 3731 deinde
1652 3677 1731 3729 turris
1741 3676 1794 3728 lene
1806 3690 1852 3722 na·

1093 3792 1147 3840 gna
1165 3769 1277 3824 rotundo
1295 3765 1440 3822 continenti
1454 3765 1583 3836 jungebat
1602 3763 1676 3815 urbis
1691 3759 1786 3813 manin.
1803 3754 1851 3808 Pri·

1095 3877 1152 3912 mus
1161 3869 1224 3930 port
1237 3856 1330 3909 nennio
1348 3871 1456 3924 campus
1467 3862 1524 3903 erut
1535 3849 1682 3922 peninsula
1694 3843 1792 3898 ccnicis
1805 3859 1850 3893 scn-

1094 3949 1145 4001 siru
1167 3944 1343 3998 descendentii
1361 3940 1399 3993 ad
1417 3939 1510 4000 littus,
1526 3949 1552 3991 et
1571 3936 1685 3989 nctrrbr
1704 3942 1764 3985 essct
1781 3928 1852 3981 insula

1414 4066 1844 4091 Μι-

1153 4108 1162 4131 δ

1093 4183 1163 4225 taxat
1176 4181 1301 4243 portuum
1318 4168 1370 4219 Dio
1388 4162 1547 4218 meminerit.
1565 4159 1632 4213 lieri
1651 4160 1726 4211 etiam
1742 4160 1814 4224 pntcst
1828 4158 1851 4199 ut

1092 4254 1184 4305 tertius
1209 4258 1317 4320 portuS,
1342 4261 1502 4317 quamquam
1522 4258 1571 4293 suo
1592 4239 1787 4323 distingueretur
1812 4246 1850 4278 no-

1093 4329 1176 4390 mine,
1204 4338 1294 4397 reapse
1318 4322 1423 4377 nonnisi
1444 4338 1505 4392 pars
1524 4327 1590 4370 essct
1608 4326 1654 4367 aut
1674 4316 1749 4385 prinu
1769 4318 1851 4361 autre

1092 4406 1182 4461 cundi.
1196 4407 1270 4458 Duos
1287 4414 1375 4456 autem
1392 4403 1455 4453 istos
1469 4399 1563 4450 ueteris
1578 4394 1691 4465 Byrantii
1711 4398 1794 4462 portus
1806 4388 1850 4437 ur·

1091 4488 1198 4556 conpos
1206 4484 1312 4537 eosdem
1325 4501 1380 4535 esse
1391 4489 1478 4533 censet
1492 4495 1552 4531 cum
1566 4476 1664 4529 Neorio
1673 4484 1698 4525 et
1711 4467 1849 4555 Bospotipntt

1092 4563 1344 4634 Constantinopolis,
1355 4578 1469 4633 quorum
1481 4556 1545 4611 illud
1561 4558 1589 4608 in
1598 4565 1679 4616 sexta,
1690 4551 1730 4603 bic
1742 4550 1849 4628 inqurnta

1092 4644 1165 4697 urbis
1176 4644 1282 4711 regione
1295 4642 1337 4693 siti
1348 4649 1430 4692 erant.
1445 4639 1456 4705 ΙΙ
1464 4668 1500 4677 -
1511 4633 1657 4689 Continenti
1661 4627 1781 4701 jungebat
1790 4620 1849 4674 urbtt

1092 4723 1203 4793 nur-niu]
1218 4721 1339 4775 Ambitus
1352 4718 1464 4790 Byzantii
1476 4734 1527 4768 sec.
1541 4712 1695 4784 Dionysium
1707 4715 1758 4759 erat
1768 4707 1798 4764 lo
1807 4710 1848 4785 sta·¹

1092 4802 1207 4865 diorum,
1218 4800 1346 4871 prodente
1356 4795 1442 4867 Gyttto
1455 4796 1494 4847 De
1509 4804 1611 4863 topogr.
1623 4790 1711 4841 (oust-
1725 4800 1751 4853 P·
1767 4779 1803 4870 ¹.⁵.’
1813 4774 1849 4827 ⁰¹³¹

1092 4893 1229 4953 postquam
1241 4880 1337 4932 Zosimi
1349 4876 1523 4929 narrationem
1538 4872 1572 4924 de
1586 4868 1678 4923 vetetis
1692 4868 1849 4955 Byzantrram·

1092 4961 1149 5014 bitu
1158 4961 1286 5021 attulerat,
1293 4958 1393 5030 pergit:
1404 4953 1453 5007 snt
1459 4951 1601 5022 Dionjut'us
1607 4954 1751 5018 uymnrnn,
1761 4942 1783 4991 Z
1783 4950 1849 4987 struto

1093 5043 1174 5093 nirdto
1184 5039 1326 5110 antiquior,
1341 5048 1370 5088 ut
1384 5035 1483 5103 exejus
1501 5030 1611 5103 scriptis
1628 5031 1786 5107 cognuscetur¹
1800 5023 1849 5101 (tuit

1092 5117 1177 5172 Scauri
1189 5118 1280 5170 rrtiuus
1286 5114 1436 5187 scripsisse,
1450 5111 1491 5163 uit
1501 5109 1629 5162 trrrrditurn
1640 5110 1753 5174 try-natu
1762 5102 1848 5147 (ΜΝ

1091 5196 1268 5270 qtutdrugintu
1289 5193 1380 5246 studio
1412 5190 1573 5262 complexum
1594 5185 1696 5256 sitisse,
1716 5194 1768 5262 qun
1790 5172 1848 5233 longe

1093 5280 1179 5347 ruujus
1190 5274 1306 5347 spatium
1325 5270 1530 5342 complectuntur
1543 5283 1620 5337 pttnrn
1639 5260 1678 5314 illi
1694 5251 1847 5309 rnntntenn.
