3884 5925
535 487 539 494 ·
576 467 754 528 ANAPLUS
776 467 933 528 uosrout
955 467 1125 528 Tuutclt.
1612 473 1647 522 st

80 598 156 670 inopie
168 597 318 662 bominum,
331 599 393 668 qni,
409 609 439 650 ut
451 601 545 666 exigua
564 599 681 669 impensa
694 615 829 652 servorum
850 622 856 650 ι
878 610 905 652 et
925 598 1053 652 mediocri
1072 597 1171 661 dorso,
1191 597 1217 648 in
1238 612 1292 666 quo
1314 603 1409 648 statuta
1431 601 1493 646 sunt
1518 591 1656 646 moletriru

79 685 199 750 edificent,
213 702 273 736 saxa
289 702 321 737 ea
338 683 449 738 latomiis
463 703 516 736 non
532 695 642 748 eruum,
660 683 706 736 scd
719 694 831 754 agrestas
877 695 955 740 vento
969 685 1113 746 versatilia
1123 703 1156 737 ex
1167 683 1261 737 eodem
1274 682 1353 755 paulo
1363 691 1424 736 ente
1432 679 1563 734 eminebat
1575 681 1656 734 turris

79 782 160 834 cautcs,
175 789 226 824 nen
241 771 322 826 modo
340 773 501 825 caementitiis
520 771 643 843 operibus
656 773 771 842 ineptas,
785 770 831 822 sed
876 771 938 824 olim
951 772 1049 843 pharus
1061 769 1257 839 navigantibus,
1270 786 1349 840 quum
1360 786 1376 821 a
1389 767 1484 820 Turris
1499 766 1580 818 everti
1589 763 1654 826 ridi.

78 860 139 912 etiem
150 857 312 910 abhorrentes
329 876 345 910 a
356 858 443 921 calce,
458 876 489 910 ex
504 858 623 910 omnium
645 856 762 910 littorum
776 875 831 910 cre·
877 857 1054 924 Promontorii
1063 873 1157 908 mucro
1168 871 1196 908 tn
1211 856 1262 908 tria
1272 854 1352 908 latera
1364 851 1491 906 declivem
1501 850 1617 904 redicem
1627 852 1656 904 in

79 942 225 1014 pidinibuset
238 945 387 1014 precipitiis
406 944 564 998 exscindunt
578 945 612 998 ad
625 955 782 998 structuram
794 945 832 996 ri·
876 960 999 1013 passuum
1015 940 1178 994 latitudinem
1192 941 1245 1010 agit
1260 940 1407 1008 sexaginta,
1420 936 1508 990 editur
1525 938 1553 990 iu
1569 936 1656 990 altitu·
1732 997 1740 1014 ι

79 1029 128 1080 liam
140 1027 314 1080 adilicioruru.
329 1033 353 1082 A
365 1029 429 1082 valle
440 1029 565 1083 Libadica
579 1030 650 1086 litttu
661 1029 790 1082 excelsum
806 1039 832 1082 ct
877 1029 966 1084 dinem
980 1040 1120 1082 centenum
1132 1045 1257 1100 passuum
1270 1044 1276 1080 :
1291 1027 1354 1080 inde
1365 1025 1475 1078 dorsum
1491 1023 1603 1081 molliter
1615 1041 1657 1077 as·

77 1117 194 1185 abruptum
212 1116 288 1186 paulo
302 1116 362 1186 plus
378 1117 448 1170 mille
468 1135 557 1188 passus
568 1116 728 1170 excurritad
742 1116 831 1168 vallem
876 1117 968 1186 surgit.
998 1116 1041 1170 Ab
1052 1115 1188 1168 occidente
1196 1115 1244 1166 etsi
1257 1115 1330 1166 sinus
1343 1113 1435 1165 leniter
1447 1112 1564 1182 aperitur
1576 1109 1657 1174 vatte,

78 1219 139 1272 quam
152 1203 276 1272 appellant
296 1203 395 1268 Linon,
414 1204 489 1256 sitam
505 1221 586 1274 prope
605 1204 692 1256 sinum
706 1203 831 1256 Plaarma·
878 1208 963 1256 lamen
975 1203 1029 1254 hnc
1036 1210 1176 1273 postquam
1188 1199 1222 1252 ab
1231 1199 1325 1251 intimo
1338 1200 1398 1250 sinu
1411 1199 1438 1250 in
1450 1195 1583 1268 planitiem
1598 1213 1660 1248 een·

76 1291 142 1354 ciam,
156 1287 225 1357 cujus
239 1291 370 1342 maritima
390 1291 510 1360 planities
528 1290 701 1344 ducentorum
719 1301 745 1343 et
758 1307 831 1342 sexu·
878 1297 966 1340 tenum
972 1287 1070 1358 pedum
1081 1287 1218 1356 processit,
1229 1281 1544 1336 induasdividiturvalles
1552 1278 1659 1351 objectu

76 1375 132 1442 ginta
143 1390 257 1442 ριεειιιιιιι
269 1374 434 1428 latitudinem
448 1375 570 1446 complet.
607 1375 677 1429 Olim
691 1375 832 1430 habitatam
877 1372 962 1436 collis,
984 1373 1030 1442 qui
1049 1371 1126 1424 valles
1139 1380 1277 1434 recurrat,
1299 1387 1333 1422 ne
1346 1367 1439 1422 directi
1453 1368 1523 1420 venti
1534 1365 1658 1419 deorsum

77 1459 138 1510 luisse
154 1457 290 1512 ostendunt
312 1460 440 1530 permulta
460 1459 630 1512 aedificiorum
652 1459 831 1512 fundamenta.
877 1459 1039 1514 descendant
1055 1460 1083 1512 in
1102 1459 1199 1510 sinum.
1237 1458 1278 1509 Ex
1291 1456 1370 1509 altere
1388 1453 1453 1508 valle
1471 1453 1567 1506 fluvius
1582 1453 1658 1505 omni

76 1545 157 1598 Vallem
178 1545 345 1616 subnexuitur
359 1549 584 1618 promontorium,
608 1545 728 1600 dividens
746 1548 833 1600 sinum
878 1549 939 1600 anni
955 1558 1074 1618 tempore
1086 1545 1210 1617 pereoms
1228 1543 1322 1596 delluit
1343 1543 1372 1594 in
1387 1540 1505 1594 medium
1527 1540 1601 1592 sinus
1618 1557 1659 1591 re·

41 1641 43 1646 “
77 1631 221 1684 vallisasinu
235 1633 408 1697 Phar-masia,
420 1633 492 1703 quod
509 1635 535 1686 in
555 1643 696 1686 centenum
709 1649 833 1702 passuum
878 1651 989 1685 cassum.
1027 1633 1126 1686 AEstiro
1139 1641 1256 1702 tempore
1267 1622 1661 1694 exsistiteamagnitudinequa
1697 1676 1703 1688 ,

78 1713 215 1768 latitudinem
226 1734 302 1770 snam
313 1718 428 1772 radicem
446 1721 515 1788 ugit,
526 1718 576 1772 sub
587 1735 639 1788 qua
650 1718 750 1770 exsistit
764 1720 834 1771 insu·
877 1719 974 1772 fluvius
995 1718 1192 1772 lcostbenicus.
1229 1713 1293 1766 Vidi
1306 1711 1363 1782 ejus
1376 1711 1474 1764 iontem
1495 1709 1529 1762 ab
1549 1709 1616 1760 tutio
1634 1719 1661 1761 et

77 1801 115 1854 lula
126 1817 164 1852 seu
174 1803 259 1870 potius
272 1804 397 1874 scopulus
407 1806 434 1855 in
444 1804 525 1856 multo
536 1821 597 1856 saxu
610 1802 723 1867 divisus,
737 1804 763 1856 in
776 1821 834 1874 pas·
881 1806 941 1858 sinu
961 1805 1101 1858 distantem
1112 1803 1191 1874 paulo
1206 1801 1318 1872 emplius
1335 1799 1405 1852 mille
1415 1809 1442 1850 et
1455 1795 1661 1868 quadringentos

77 1908 135 1941 suum
144 1889 331 1958 longitudinem
348 1890 453 1942 circiter
465 1901 572 1943 centum
583 1889 757 1958 sexagintuab
772 1899 834 1942 ortu
878 1907 979 1961 passus.
1017 1889 1060 1944 Ab
1081 1890 1173 1942 estivo
1190 1904 1285 1940 occasu
1305 1883 1338 1938 ad
1357 1884 1418 1936 solis
1440 1893 1528 1936 ortum
1543 1881 1661 1934 similiter

76 1979 177 2032 solstitiali
196 1977 229 2032 ad
246 1995 372 2030 occasum
394 1977 539 2030 brumalem
556 1987 709 2048 porrectum
728 1975 835 2030 distata
879 1979 996 2038 aestivum
1010 1975 1157 2046 pervellem
1171 1973 1287 2026 decurrit
1302 1980 1452 2040 angustam,
1463 1987 1495 2020 ex
1512 1985 1564 2038 qua
1578 1968 1661 2019 nasci·

76 2067 201 2122 continente
222 2064 402 2135 quadraginta
429 2083 536 2136 passras,
561 2061 739 2116 circumdatus
768 2064 833 2116 mari
880 2072 932 2125 tur,
950 2061 995 2114 sed
1007 2079 1061 2114 non
1077 2079 1108 2114 ex
1121 2077 1244 2123 summu
1263 2075 1325 2110 nam
1337 2074 1368 2109 ea
1381 2055 1449 2108 ultra
1468 2053 1567 2106 iontem
1583 2051 1661 2105 ultius

76 2152 161 2218 odoro,
170 2169 234 2222 genu
245 2163 326 2204 tenus
336 2135 404 2214 atriu
418 2152 543 2206 aGraecis
551 2150 695 2222 appellatur
710 2155 832 2217 Grtergo,
879 2149 1000 2217 assurgit.
1021 2151 1081 2202 Jam
1101 2149 1149 2201 etsi
1166 2146 1244 2198 colles
1259 2143 1407 2214 vallesque,
1427 2143 1515 2194 sinum
1532 2141 1662 2211 Therapi·

75 2237 113 2288 lace
123 2249 156 2290 est
166 2237 288 2298 triremis,
303 2254 319 2289 a
330 2236 501 2290 similitudine
513 2254 593 2306 quam
603 2253 693 2306 praese
708 2241 775 2304 gerit
787 2237 833 2290 tti-
879 2253 939 2287 cum
952 2236 1099 2303 cingentes,
1110 2232 1243 2286 nemorosi
1263 2249 1317 2284 non
1331 2230 1414 2293 sunt?
1421 2237 1452 2280 ut
1470 2225 1551 2280 tradit
1565 2211 1663 2297 liiony-

75 2326 145 2376 remis.
177 2325 233 2377 Hoc
244 2324 358 2394 scopulo
370 2335 397 2376 et
410 2324 592 2395 promontorio
603 2340 682 2393 super
697 2321 833 2393 scopulum
879 2323 933 2374 sius
956 2339 1002 2374 eos
1015 2339 1071 2373 csse
1088 2321 1134 2390 qui
1147 2317 1276 2372 claudunt
1291 2317 1488 2377 Pharmaciam,
1505 2311 1551 2366 scd
1565 2313 1662 2367 exculti

75 2411 219 2480 impendente
237 2411 273 2464 ab
290 2429 387 2464 occasu
406 2410 532 2462 solstitiali
554 2410 656 2462 ebusus
669 2403 763 2472 sinus,
785 2409 834 2462 sub
880 2409 976 2472 vineis,
996 2417 1022 2460 et
1035 2408 1129 2460 cerasis
1139 2406 1248 2469 consiti,
1263 2414 1325 2466 out,
1337 2401 1383 2454 ubi
1395 2402 1435 2454 bae
1452 2399 1563 2462 desunt,
1578 2401 1662 2470 erycis

74 2495 146 2546 sallem
166 2496 247 2548 Linon
270 2495 419 2565 subjectus,
445 2495 479 2547 ab
505 2505 566 2548 ortu
594 2494 706 2547 brumali
734 2495 834 2547 cinctus
880 2494 1057 2546 tectittamen
1066 2493 1154 2550 sinum
1163 2488 1342 2543 Pharmacimn
1357 2487 1505 2549 aliumesse
1518 2502 1660 2555 nonposse

72 2579 232 2647 promontorio
248 2579 378 2649 praecipiti
399 2589 425 2630 et
439 2595 505 2647 pene
525 2576 640 2640 directo,
663 2575 704 2627 illo
723 2576 777 2646 ipse
795 2588 833 2629 est
879 2597 957 2649 quam
975 2578 1166 2648 Therapicum,
1179 2593 1239 2627 cum
1255 2593 1288 2627 ex
1298 2571 1435 2627 antedictis
1446 2569 1553 2638 intelligi
1562 2580 1659 2641 potest,

72 2683 134 2732 quem
144 2667 282 2735 Dionysius
297 2667 416 2718 nominat
427 2655 517 2716 Εὔδιον
534 2655 638 2726 Καλόν,
652 2661 680 2714 id
692 2663 764 2733 quod
775 2681 834 2734 per-
879 2676 935 2717 tum
957 2683 990 2716 ex
1010 2662 1230 2733 consequentibus
1252 2660 1317 2713 locis
1338 2656 1432 2728 Anapli
1455 2655 1623 2726 Dionysiam,
1647 2674 1663 2709 ι

72 2753 149 2822 cipitur
169 2769 227 2804 cum
256 2751 354 2804 ordine
380 2751 474 2821 Arxapli
501 2749 674 2819 Dionysinni,
699 2759 755 2800 tum
782 2750 834 2802 situ
878 2751 975 2820 quibus
986 2749 1020 2802 ad
1037 2747 1198 2802 Commodes
1211 2746 1299 2799 nullus
1317 2746 1391 2796 sinus
1409 2752 1464 2800 est,
1480 2741 1508 2793 in
1522 2755 1602 2810 quem
1617 2739 1663 2793 de-

72 2837 302 2906 esignaeinsnlnlae,
320 2855 373 2907 qua
384 2835 524 2889 clauditur.
562 2833 637 2888 Adeo
650 2834 721 2886 euim
739 2835 835 2903 exiguo
879 2833 985 2887 scendet
997 2833 1094 2886 fluvius
1115 2831 1222 2901 aliquis,
1244 2846 1331 2899 neque
1355 2828 1381 2878 in
1403 2824 1664 2895 quem'ccnreoiant

72 2924 608 2997 marisspatioeaseparaturacontioeuti,
624 2931 653 2975 ut
664 2938 725 2975 cum
742 2932 834 2979 natura
878 2931 962 2973 cetera
971 2938 1037 2992 gun·
1047 2918 1127 2973 trudit
1136 2917 1288 2989 Dionysius.
1315 2914 1448 2967 Nimirum
1462 2911 1533 2964 solus
1546 2912 1661 2967 interti-

72 3014 98 3064 sit
106 3014 196 3076 iasub,
208 3022 319 3083 aspectu
337 3009 457 3063 rideatur
475 3010 621 3062 continens.
658 3008 834 3078 Temporibus
880 3025 942 3059 num
953 3006 1143 3061 leosthenium
1155 3016 1182 3056 et
1197 3000 1395 3073 Batbycoipon,
1408 2998 1486 3069 gaulo
1496 2996 1564 3050 ultre
1573 2998 1662 3049 sinum

73 3101 171 3170 Dionysii
190 3099 305 3152 insulam
319 3116 373 3151 non
392 3097 487 3161 luisse,
508 3096 554 3149 sed
570 3097 651 3149 visam
667 3093 745 3147 luisse
763 3106 835 3167 patet
877 3094 1014 3164 Tberapiae
1040 3093 1136 3150 situm,
1157 3087 1355 3161 pulchritudine
1373 3095 1467 3157 portus
1487 3094 1513 3136 et
1529 3084 1604 3155 copia
1621 3083 1662 3155 pi·

73 3185 154 3255 exejus
169 3185 268 3247 verbis,
287 3201 350 3236 cnm
369 3184 406 3236 ait
421 3199 427 3235 :
442 3182 515 3235 littus
535 3181 578 3245 id,
597 3178 669 3251 quod
684 3179 781 3235 claudit
799 3182 834 3234 si·
878 3180 961 3233 scium
973 3177 1085 3232 excellit.
1122 3174 1204 3243 Quod
1214 3184 1302 3227 autem
1314 3172 1385 3225 silvae
1395 3169 1482 3223 deuse
1494 3166 1663 3240 etproiundn

74 3290 123 3323 num
133 3265 215 3323 Εὖδιον
228 3262 334 3336 Καλόν,
346 3268 413 3323 adeo
426 3279 589 3322 contractum
603 3269 681 3323 luisse
693 3270 765 3323 brevi
779 3287 833 3322 ma·
878 3286 987 3319 rumora
1006 3284 1060 3319 non
1082 3262 1288 3332 circumsepiunt
1306 3260 1395 3313 sinum
1413 3256 1609 3327 Tbernpicurn,
1632 3266 1664 3309 ut

73 3360 99 3408 ris
112 3358 185 3427 spatio
200 3355 415 3419 circumdatum,
431 3365 461 3407 ut
476 3372 537 3406 curn
558 3364 649 3408 natura
664 3366 731 3409 esset
751 3364 835 3409 contr·
883 3354 1025 3424 Dionysius
1042 3350 1133 3403 scribit
1146 3346 1331 3417 circumsepire
1344 3344 1538 3404 Pbermacium,
1556 3338 1584 3395 id
1594 3341 1663 3411 agri·

72 3460 134 3505 neas,
147 3454 246 3514 aspectu
268 3442 357 3495 insula
370 3440 513 3495 rideretur.
552 3440 628 3495 Nunc
647 3460 663 3495 a
681 3443 833 3495 continente
878 3442 979 3495 cultura
990 3438 1095 3501 accidit,
1106 3455 1159 3489 non
1170 3445 1263 3487 natura
1272 3432 1332 3486 loci.
1345 3432 1412 3485 Nam
1425 3428 1488 3483 olim
1497 3446 1558 3481 cum
1567 3427 1662 3481 eodem

71 3528 162 3581 abscissa
174 3539 225 3593 est,
246 3528 290 3581 vel
309 3528 433 3597 temporis
447 3526 523 3595 longa
537 3538 677 3592 vetustate,
692 3527 732 3579 vel
745 3528 834 3599 portus
878 3548 910 3583 ex
931 3530 1059 3599 Dionysio
1079 3525 1230 3579 noverimus
1249 3533 1336 3575 totum
1360 3520 1434 3571 sinus
1455 3517 1572 3571 Ceratini
1590 3515 1663 3569 littus

71 3614 187 3668 hominum
199 3634 293 3687 opere,
305 3616 394 3667 omnia
406 3631 467 3667 saxu
478 3614 518 3667 vel
532 3613 758 3669 deformissimain
772 3612 833 3667 viles
868 3615 949 3669 ¹silvis
959 3623 1058 3667 tectum
1071 3610 1166 3673 luisse,
1176 3626 1249 3661 nunc
1258 3626 1274 3661 ι
1283 3604 1435 3660 umoribus
1445 3602 1562 3666 nudum,
1573 3600 1662 3655 riden-

73 3702 468 3757 rdifimtionesexscindentium.
879 3716 991 3769 musque
1009 3713 1083 3747 nram
1105 3692 1215 3763 bospori
1236 3690 1392 3749 Asiaticum,
1416 3683 1486 3741 sinui
1513 3686 1663 3757 Tberapico

100 3794 172 3859 Atque
186 3802 216 3843 ut
227 3790 328 3843 clarius
343 3799 466 3841 noscatur
486 3790 559 3842 sinus
578 3789 743 3841 Pharniaeias
760 3806 833 3854 esse,
878 3783 1043 3854 oppositam,
1066 3777 1219 3833 rumoribus
1233 3776 1370 3827 vestitam:
1383 3773 1444 3842 quis
1457 3770 1576 3837 dubitat,
1597 3770 1663 3841 quin

73 3890 134 3941 quem
157 3874 234 3927 bodie
248 3874 383 3946 appellant
399 3874 571 3944 'I'berapiam,
587 3872 723 3943 subjiciam
750 3872 834 3943 qualis
877 3871 950 3924 littus
962 3866 1073 3937 Bospori
1088 3866 1250 3933 Europaeum
1268 3858 1348 3912 luerit
1359 3875 1529 3911 nemorosum
1541 3855 1662 3911 similiter

72 3962 103 4011 sit.
119 3962 155 4014 Ab
172 3974 230 4015 οηιι
244 3962 338 4015 estivo
349 3960 381 4014 ad
394 3978 514 4013 occasum
527 3961 645 4013 aestirum
666 3960 693 4013 in
709 3976 833 4030 panum
878 3968 908 4010 ut
929 3955 1093 4019 Asiaticum,
1111 3968 1166 4004 non
1187 3948 1223 4002 ob
1236 3947 1313 4001 alim
1331 3962 1439 3999 cauum
1454 3943 1570 3999 silvestre
1580 3959 1661 4015 marm

73 4043 239 4114 longitudinem
260 4047 368 4100 circiter
385 4047 609 4116 septingentorum
625 4044 746 4115 procedit
762 4045 833 4097 varia
878 4040 950 4114 quod
963 4039 1060 4093 obbioc
1068 4046 1174 4089 centum
1183 4050 1267 4087 annos
1280 4030 1439 4102 agricialturs
1449 4038 1522 4082 vacet
1532 4068 1540 4092 ,
1550 4045 1661 4081 conver·
1735 4098 1740 4107 ι

73 4130 203 4199 latitudine;
225 4150 290 4185 nam
314 4149 330 4184 a
351 4130 471 4184 lancibus
492 4128 526 4183 ad
549 4129 667 4185 medium
690 4130 718 4183 in
741 4147 833 4200 passus
878 4144 936 4179 sum
944 4126 969 4178 in
979 4108 1664 4199 sitimvenauonumregiarumt-Sinumt’harma·

73 4214 154 4271 hratur
172 4219 249 4289 paalo
271 4216 332 4287 plus
349 4226 496 4280 trecentum
509 4233 525 4268 a
545 4214 635 4267 medio
654 4214 688 4268 ad
708 4217 831 4269 intimum
879 4216 946 4268 ciem
958 4208 1083 4282 appellavi
1092 4206 1268 4277 Thmptcam
1278 4220 1311 4266 ‚⁸
1324 4202 1383 4254 v50⁰
1396 4200 1447 4253 ⁸3¹⁰
1458 4199 1485 4251 ln
1496 4196 1552 4269 ‘iffi
1562 4197 1660 4260 lilim,

72 4318 177 4357 mum
190 4305 346 4374 astringitur
359 4302 387 4354 in
400 4300 459 4371 plus
472 4301 562 4353 minus
571 4299 715 4365 ducentos;
731 4300 833 4353 ambitu
879 4318 957 4372 quem
975 4296 1060 4353 Greci
1068 4291 1228 4366 jamdudum
1241 4290 1379 4345 nominant
1392 4285 1567 4356 Therapiarn,
1581 4301 1614 4337 ex
1628 4302 1662 4337 eo

72 4386 156 4441 littoreo
164 4392 276 4461 amplius
293 4388 364 4441 mille
374 4398 401 4440 et
416 4386 622 4457 quadringentos
640 4386 830 4458 complectitur.
879 4386 1003 4447 arbitror,
1017 4378 1090 4453 quod
1107 4378 1199 4447 vulgus
1213 4378 1367 4431 Grecorum
1380 4372 1455 4447 aliter
1468 4387 1600 4423 venenum
1615 4386 1661 4441 ap-

73 4472 189 4528 Prolundae
199 4474 348 4529 altitudinis
360 4482 401 4526 est
414 4471 517 4525 alatere
528 4474 675 4543 pertinente
685 4471 718 4525 ad
733 4483 834 4542 septen·
878 4475 973 4546 pellere
999 4471 1081 4524 nascit
1102 4486 1182 4539 qaum
1200 4458 1351 4538 φάρμακον,
1366 4461 1439 4533 quod
1457 4468 1615 4512 venenatum
1636 4468 1663 4509 et

74 4562 166 4625 irim,
176 4575 200 4616 et
210 4564 320 4616 nauium
334 4576 507 4631 oepaxusque
519 4558 553 4613 ad
565 4577 639 4614 oram
650 4561 746 4626 meris;
761 4558 833 4612 littus
877 4560 1005 4633 expiabile
1025 4574 1122 4611 nomen
1141 4558 1277 4607 mutarunt
1291 4552 1319 4604 in
1336 4550 1470 4620 expiatum
1492 4556 1519 4599 et
1535 4544 1660 4607 salutare,

75 4648 223 4703 meridianum
239 4669 336 4721 magna
348 4656 464 4719 exparte
484 4646 610 4699 vadosum
620 4656 646 4699 et
657 4654 831 4715 praerupium.
878 4668 912 4702 ne
924 4658 1008 4701 nautae
1020 4655 1125 4716 portum
1140 4643 1270 4712 optimum
1281 4636 1485 4697 detestarentur,
1495 4647 1661 4684 exsecraren-

75 4734 200 4806 llndiqnea
216 4740 386 4793 rentistntus
399 4734 602 4797 est·,ameridie
619 4734 727 4805 quidem
746 4733 829 4785 excel·
878 4745 974 4805 turqne
992 4741 1023 4783 ut
1043 4744 1187 4790 moenum,
1204 4736 1234 4777 ut
1247 4715 1381 4791 κάθαρμα.
1411 4722 1475 4776 Erat
1489 4718 1561 4772 enim
1579 4716 1659 4789 pbar·

77 4821 103 4873 sis
117 4824 230 4891 collibus,
248 4842 363 4897 quorum
387 4823 496 4877 ultimus
520 4822 602 4875 elficit
619 4821 832 4892 promontorium
878 4810 982 4867 ¹triacum
994 4809 1058 4863 olim
1071 4807 1122 4859 tale
1138 4822 1145 4859 :
1159 4807 1182 4857 si
1196 4802 1309 4857 deorum
1321 4797 1500 4867 indignatione
1520 4794 1601 4847 lamen
1614 4804 1660 4847 aut

76 4922 118 4975 quo
130 4911 209 4965 sinum
234 4911 328 4972 Εὗδιον
344 4908 435 4971 Καλὸν
458 4920 518 4960 ante
538 4906 594 4960 dixi
608 4905 708 4977 sejungi
732 4924 747 4961 tt
772 4906 832 4959 sinu
878 4899 957 4971 pestis
967 4906 1012 4949 aut
1025 4894 1075 4947 alia
1085 4892 1214 4962 quispim
1225 4886 1356 4941 ubtuli&
1372 4882 1464 4937 urbm
1479 4877 1659 4953 winilind*

77 4992 211 5064 lberapico;
227 4998 261 5051 ab
275 4998 400 5052 omnibus
415 4996 499 5051 ventis
520 4992 743 5067 septentrionibus
755 5002 833 5063 atque
877 4996 931 5050 rct,
944 4984 1080 5038 hominem
1089 4979 1209 5031 omnium
1223 4972 1446 5027 deformissimum
1464 4972 1492 5021 in
1503 4966 1576 5021 urbis
1589 4966 1661 5019 labo-

75 5078 227 5137 sobtitialibtu
238 5085 307 5139 idum
324 5086 440 5157 protegit
457 5080 669 5154 promontorium
685 5078 833 5151 peninsula·
879 5074 961 5127 rantis
982 5069 1159 5141 expiationem
1179 5063 1213 5117 ad
1237 5063 1368 5115 victimam
1387 5057 1535 5121 ducebant,
1557 5054 1661 5124 ipsique

76 5180 142 5227 nun,
160 5168 190 5220 ab
202 5187 255 5223 una
274 5182 347 5241 perte
362 5170 432 5223 freto
449 5167 608 5239 bosporicc,
624 5165 749 5219 exaltem
762 5163 831 5217 clau·
878 5178 927 5233 pro
942 5158 1027 5211 bestia
1044 5162 1143 5207 statuto
1159 5150 1193 5203 de
1208 5165 1289 5203 manu
1305 5145 1405 5199 dobant
1425 5158 1546 5204 amum,
1563 5138 1657 5200 ollem,

78 5253 207 5323 sunsinu,
221 5254 333 5328 undique
351 5254 486 5328 proclive,
504 5260 611 5325 excepta
626 5252 726 5305 ceruos
746 5248 832 5303 medis
879 5247 957 5309 licum
970 5260 1049 5313 quem
1066 5250 1190 5311 tunquam
1207 5237 1376 5308 pharmacum
1404 5230 1449 5282 ubi
1464 5224 1661 5362 septb'ncyllis
