<?xml version="1.0" encoding="UTF-8"?>
<!DOCTYPE html PUBLIC "-//W3C//DTD XHTML 1.0 Transitional//EN"
    "http://www.w3.org/TR/xhtml1/DTD/xhtml1-transitional.dtd">
<html xmlns="http://www.w3.org/1999/xhtml" xml:lang="en" lang="en">
 <head>
  <title>
</title>
<meta http-equiv="Content-Type" content="text/html;charset=utf-8" />
  <meta name='ocr-system' content='tesseract 3.04.00' />
  <meta name='ocr-capabilities' content='ocr_page ocr_carea ocr_par ocr_line ocrx_word'/>
</head>
<body>
  <div class='ocr_page' id='page_1' title='image "./geographigraeci04mlgoog/geographigraeci04mlgoog_0169.png"; bbox 0 0 3884 5925; ppageno 0'>
   <div class='ocr_carea' id='block_1_1' title="bbox 620 475 1708 550">
    <p class='ocr_par' dir='ltr' id='par_1_1' title="bbox 620 475 1708 550">
     <span class='ocr_line' id='line_1_1' title="bbox 620 475 1708 550; baseline 0.011 -12"><span class='ocrx_word' id='word_1_1' title='bbox 620 475 800 540; x_wconf 71' lang='lat' dir='ltr'><strong>mantus</strong></span> <span class='ocrx_word' id='word_1_2' title='bbox 823 477 989 544; x_wconf 83' lang='lat' dir='ltr'><strong>sosront</strong></span> <span class='ocrx_word' id='word_1_3' title='bbox 1009 481 1186 547; x_wconf 75' lang='lat' dir='ltr'><strong>ttttttcn.</strong></span> <span class='ocrx_word' id='word_1_4' title='bbox 1670 499 1708 550; x_wconf 87' lang='grc' dir='ltr'>ον</span> 
     </span>
    </p>
   </div>
   <div class='ocr_carea' id='block_1_2' title="bbox 88 604 1714 2766">
    <p class='ocr_par' dir='ltr' id='par_1_2' title="bbox 88 604 1714 2766">
     <span class='ocr_line' id='line_1_2' title="bbox 94 604 1714 693; baseline 0.002 -22"><span class='ocrx_word' id='word_1_5' title='bbox 94 619 168 675; x_wconf 79' lang='lat' dir='ltr'><strong>aiant</strong></span> <span class='ocrx_word' id='word_1_6' title='bbox 183 611 221 670; x_wconf 87' lang='lat' dir='ltr'><strong>ibi</strong></span> <span class='ocrx_word' id='word_1_7' title='bbox 232 604 341 687; x_wconf 75' lang='grc' dir='ltr'>χύτρος,</span> <span class='ocrx_word' id='word_1_8' title='bbox 354 613 407 668; x_wconf 90' lang='lat' dir='ltr'><strong>boe</strong></span> <span class='ocrx_word' id='word_1_9' title='bbox 419 623 458 668; x_wconf 82' lang='lat' dir='ltr'><strong>est</strong></span> <span class='ocrx_word' id='word_1_10' title='bbox 468 613 545 679; x_wconf 86' lang='lat' dir='ltr'><strong>ollas,</strong></span> <span class='ocrx_word' id='word_1_11' title='bbox 560 613 676 670; x_wconf 68' lang='lat' dir='ltr'><strong>desumus</strong></span> <span class='ocrx_word' id='word_1_12' title='bbox 691 617 838 683; x_wconf 78' lang='lat' dir='ltr'><strong>invenisse,</strong></span> <span class='ocrx_word' id='word_1_13' title='bbox 853 630 881 674; x_wconf 90' lang='lat' dir='ltr'><strong>et</strong></span> <span class='ocrx_word' id='word_1_14' title='bbox 927 614 1021 668; x_wconf 87' lang='lat' dir='ltr'><strong>urbem</strong></span> <span class='ocrx_word' id='word_1_15' title='bbox 1029 615 1223 672; x_wconf 57' lang='lat' dir='ltr'><strong>mnsam</strong></span> <span class='ocrx_word' id='word_1_16' title='bbox 1235 615 1317 672; x_wconf 84' lang='lat' dir='ltr'><strong>stadia</strong></span> <span class='ocrx_word' id='word_1_17' title='bbox 1327 616 1507 689; x_wconf 78' lang='lat' dir='ltr'><strong>quadraginta.</strong></span> <span class='ocrx_word' id='word_1_18' title='bbox 1521 643 1533 666; x_wconf 85' lang='lat'><strong>·</strong></span> <span class='ocrx_word' id='word_1_19' title='bbox 1550 620 1657 674; x_wconf 82' lang='lat' dir='ltr'><strong>Prolata</strong></span> <span class='ocrx_word' id='word_1_20' title='bbox 1666 637 1714 693; x_wconf 85' lang='lat' dir='ltr'><strong>ap·</strong></span> 
     </span>
     <span class='ocr_line' id='line_1_3' title="bbox 94 700 1711 777; baseline 0.003 -21"><span class='ocrx_word' id='word_1_21' title='bbox 94 723 152 758; x_wconf 81' lang='lat' dir='ltr'><strong>ossa</strong></span> <span class='ocrx_word' id='word_1_22' title='bbox 175 719 182 756; x_wconf 95' lang='lat'><strong>:</strong></span> <span class='ocrx_word' id='word_1_23' title='bbox 205 727 217 750; x_wconf 85' lang='lat'><em>.</em></span> <span class='ocrx_word' id='word_1_24' title='bbox 245 702 347 754; x_wconf 85' lang='lat' dir='ltr'><strong>Verum</strong></span> <span class='ocrx_word' id='word_1_25' title='bbox 365 700 442 754; x_wconf 81' lang='lat' dir='ltr'><strong>eliam</strong></span> <span class='ocrx_word' id='word_1_26' title='bbox 461 717 517 754; x_wconf 87' lang='lat' dir='ltr'><strong>esse</strong></span> <span class='ocrx_word' id='word_1_27' title='bbox 536 718 624 756; x_wconf 83' lang='lat' dir='ltr'><strong>soram</strong></span> <span class='ocrx_word' id='word_1_28' title='bbox 643 703 780 770; x_wconf 75' lang='lat' dir='ltr'><strong>Hereum,</strong></span> <span class='ocrx_word' id='word_1_29' title='bbox 805 705 881 760; x_wconf 88' lang='lat' dir='ltr'><strong>aliam</strong></span> <span class='ocrx_word' id='word_1_30' title='bbox 925 702 1045 772; x_wconf 75' lang='lat' dir='ltr'><strong>pelhtam</strong></span> <span class='ocrx_word' id='word_1_31' title='bbox 1059 705 1197 770; x_wconf 72' lang='lat' dir='ltr'><strong>enisum,</strong></span> <span class='ocrx_word' id='word_1_32' title='bbox 1216 703 1290 776; x_wconf 90' lang='lat' dir='ltr'><strong>quod</strong></span> <span class='ocrx_word' id='word_1_33' title='bbox 1306 707 1394 777; x_wconf 86' lang='lat' dir='ltr'><strong>prima</strong></span> <span class='ocrx_word' id='word_1_34' title='bbox 1406 716 1529 762; x_wconf 83' lang='lat' dir='ltr'><strong>ooeurrat</strong></span> <span class='ocrx_word' id='word_1_35' title='bbox 1546 706 1711 762; x_wconf 80' lang='lat' dir='ltr'><strong>venientibus</strong></span> 
     </span>
     <span class='ocr_line' id='line_1_4' title="bbox 95 779 1711 866; baseline 0.002 -22"><span class='ocrx_word' id='word_1_36' title='bbox 95 779 178 866; x_wconf 72' lang='lat' dir='ltr'><strong>Eripuit</strong></span> <span class='ocrx_word' id='word_1_37' title='bbox 191 790 361 862; x_wconf 80' lang='lat' dir='ltr'><strong>sireiiyrim,</strong></span> <span class='ocrx_word' id='word_1_38' title='bbox 374 799 487 860; x_wconf 86' lang='lat' dir='ltr'><strong>patetex</strong></span> <span class='ocrx_word' id='word_1_39' title='bbox 499 789 668 844; x_wconf 77' lang='lat' dir='ltr'><strong>Artemidoro</strong></span> <span class='ocrx_word' id='word_1_40' title='bbox 682 807 688 844; x_wconf 93' lang='lat'>:</span> <span class='ocrx_word' id='word_1_41' title='bbox 702 793 724 846; x_wconf 90' lang='lat' dir='ltr'><strong>is</strong></span> <span class='ocrx_word' id='word_1_42' title='bbox 737 793 809 846; x_wconf 89' lang='lat' dir='ltr'><strong>enim</strong></span> <span class='ocrx_word' id='word_1_43' title='bbox 819 794 882 848; x_wconf 86' lang='lat' dir='ltr'><strong>seri·</strong></span> <span class='ocrx_word' id='word_1_44' title='bbox 926 789 1051 860; x_wconf 83' lang='lat' dir='ltr'><strong>Byaantio</strong></span> <span class='ocrx_word' id='word_1_45' title='bbox 1071 801 1098 844; x_wconf 84' lang='lat' dir='ltr'><strong>et</strong></span> <span class='ocrx_word' id='word_1_46' title='bbox 1120 790 1301 856; x_wconf 78' lang='lat' dir='ltr'><strong>Cbaloedooe3</strong></span> <span class='ocrx_word' id='word_1_47' title='bbox 1325 809 1340 844; x_wconf 89' lang='lat' dir='ltr'><strong>a</strong></span> <span class='ocrx_word' id='word_1_48' title='bbox 1363 793 1463 846; x_wconf 75' lang='lat' dir='ltr'><strong>Grecis</strong></span> <span class='ocrx_word' id='word_1_49' title='bbox 1483 807 1568 864; x_wconf 82' lang='lat' dir='ltr'><strong>mque</strong></span> <span class='ocrx_word' id='word_1_50' title='bbox 1585 792 1621 846; x_wconf 82' lang='lat' dir='ltr'><strong>ad</strong></span> <span class='ocrx_word' id='word_1_51' title='bbox 1642 793 1711 848; x_wconf 85' lang='lat' dir='ltr'><strong>bane</strong></span> 
     </span>
     <span class='ocr_line' id='line_1_5' title="bbox 95 871 1711 954; baseline 0.004 -22"><span class='ocrx_word' id='word_1_52' title='bbox 95 879 132 932; x_wconf 91' lang='lat' dir='ltr'><strong>bit</strong></span> <span class='ocrx_word' id='word_1_53' title='bbox 145 877 179 932; x_wconf 89' lang='lat' dir='ltr'><strong>ab</strong></span> <span class='ocrx_word' id='word_1_54' title='bbox 194 877 285 932; x_wconf 73' lang='lat' dir='ltr'><strong>nerto</strong></span> <span class='ocrx_word' id='word_1_55' title='bbox 308 875 493 948; x_wconf 85' lang='lat' dir='ltr'><strong>promontorio</strong></span> <span class='ocrx_word' id='word_1_56' title='bbox 516 877 648 945; x_wconf 71' lang='lat' dir='ltr'><strong>naviganti</strong></span> <span class='ocrx_word' id='word_1_57' title='bbox 667 889 774 932; x_wconf 85' lang='lat' dir='ltr'><strong>uentum</strong></span> <span class='ocrx_word' id='word_1_58' title='bbox 788 877 880 934; x_wconf 84' lang='lat' dir='ltr'><strong>denam</strong></span> <span class='ocrx_word' id='word_1_59' title='bbox 925 876 996 930; x_wconf 88' lang='lat' dir='ltr'><strong>diem</strong></span> <span class='ocrx_word' id='word_1_60' title='bbox 1019 879 1171 932; x_wconf 85' lang='lat' dir='ltr'><strong>nominatur</strong></span> <span class='ocrx_word' id='word_1_61' title='bbox 1191 871 1288 950; x_wconf 74' lang='grc' dir='ltr'>Πρώτη</span> <span class='ocrx_word' id='word_1_62' title='bbox 1300 879 1332 944; x_wconf 81' lang='lat'><strong>⁸3</strong></span> <span class='ocrx_word' id='word_1_63' title='bbox 1353 879 1433 933; x_wconf 86' lang='lat' dir='ltr'><strong>distat</strong></span> <span class='ocrx_word' id='word_1_64' title='bbox 1448 879 1483 934; x_wconf 86' lang='lat' dir='ltr'><strong>ab</strong></span> <span class='ocrx_word' id='word_1_65' title='bbox 1500 880 1567 934; x_wconf 83' lang='lat' dir='ltr'><strong>urbe</strong></span> <span class='ocrx_word' id='word_1_66' title='bbox 1585 881 1711 954; x_wconf 84' lang='lat' dir='ltr'><strong>Byrantio</strong></span> 
     </span>
     <span class='ocr_line' id='line_1_6' title="bbox 95 963 1710 1038; baseline 0.002 -20"><span class='ocrx_word' id='word_1_67' title='bbox 95 964 177 1018; x_wconf 87' lang='lat' dir='ltr'><strong>stadia</strong></span> <span class='ocrx_word' id='word_1_68' title='bbox 198 965 280 1016; x_wconf 85' lang='lat' dir='ltr'><strong>situm</strong></span> <span class='ocrx_word' id='word_1_69' title='bbox 299 980 354 1016; x_wconf 78' lang='lat' dir='ltr'><strong>esse</strong></span> <span class='ocrx_word' id='word_1_70' title='bbox 373 963 586 1034; x_wconf 84' lang='lat' dir='ltr'><strong>promontorium</strong></span> <span class='ocrx_word' id='word_1_71' title='bbox 600 963 694 1034; x_wconf 77' lang='lat' dir='ltr'><strong>Hyriea</strong></span> <span class='ocrx_word' id='word_1_72' title='bbox 712 965 767 1018; x_wconf 86' lang='lat' dir='ltr'><strong>sive</strong></span> <span class='ocrx_word' id='word_1_73' title='bbox 786 965 878 1020; x_wconf 81' lang='lat' dir='ltr'><strong>Euroo</strong></span> <span class='ocrx_word' id='word_1_74' title='bbox 926 965 1006 1036; x_wconf 84' lang='lat' dir='ltr'><strong>penio</strong></span> <span class='ocrx_word' id='word_1_75' title='bbox 1025 967 1137 1037; x_wconf 85' lang='lat' dir='ltr'><strong>amplius</strong></span> <span class='ocrx_word' id='word_1_76' title='bbox 1150 969 1283 1037; x_wconf 72' lang='lat' dir='ltr'>sexaginta</span> <span class='ocrx_word' id='word_1_77' title='bbox 1301 967 1401 1032; x_wconf 84' lang='lat' dir='ltr'><strong>stadia;</strong></span> <span class='ocrx_word' id='word_1_78' title='bbox 1417 965 1473 1038; x_wconf 84' lang='lat' dir='ltr'><strong>ejus</strong></span> <span class='ocrx_word' id='word_1_79' title='bbox 1486 967 1623 1038; x_wconf 82' lang='lat' dir='ltr'><strong>longitudo</strong></span> <span class='ocrx_word' id='word_1_80' title='bbox 1641 987 1710 1022; x_wconf 89' lang='lat' dir='ltr'><strong>ase·</strong></span> 
     </span>
     <span class='ocr_line' id='line_1_7' title="bbox 94 1047 1710 1124; baseline 0.002 -18"><span class='ocrx_word' id='word_1_81' title='bbox 94 1061 293 1122; x_wconf 75' lang='lat' dir='ltr'><strong>nuncupatum,</strong></span> <span class='ocrx_word' id='word_1_82' title='bbox 314 1050 358 1102; x_wconf 88' lang='lat' dir='ltr'><strong>oui</strong></span> <span class='ocrx_word' id='word_1_83' title='bbox 377 1047 478 1119; x_wconf 86' lang='lat' dir='ltr'><strong>objecta</strong></span> <span class='ocrx_word' id='word_1_84' title='bbox 498 1049 532 1106; x_wconf 87' lang='lat' dir='ltr'><strong>sit</strong></span> <span class='ocrx_word' id='word_1_85' title='bbox 551 1049 636 1102; x_wconf 86' lang='lat' dir='ltr'><strong>insula</strong></span> <span class='ocrx_word' id='word_1_86' title='bbox 648 1050 771 1121; x_wconf 78' lang='lat' dir='ltr'><strong>Pityodes</strong></span> <span class='ocrx_word' id='word_1_87' title='bbox 790 1061 816 1104; x_wconf 91' lang='lat' dir='ltr'><strong>et</strong></span> <span class='ocrx_word' id='word_1_88' title='bbox 833 1051 882 1105; x_wconf 82' lang='lat' dir='ltr'><strong>alia</strong></span> <span class='ocrx_word' id='word_1_89' title='bbox 926 1052 1123 1122; x_wconf 88' lang='lat' dir='ltr'><strong>pteotrionibns</strong></span> <span class='ocrx_word' id='word_1_90' title='bbox 1136 1051 1256 1124; x_wconf 76' lang='lat' dir='ltr'><strong>procedit</strong></span> <span class='ocrx_word' id='word_1_91' title='bbox 1268 1052 1302 1106; x_wconf 87' lang='lat' dir='ltr'><strong>sd</strong></span> <span class='ocrx_word' id='word_1_92' title='bbox 1315 1051 1453 1106; x_wconf 79' lang='lat' dir='ltr'>meridiem</span> <span class='ocrx_word' id='word_1_93' title='bbox 1463 1073 1470 1118; x_wconf 89' lang='lat'><strong>;</strong></span> <span class='ocrx_word' id='word_1_94' title='bbox 1479 1052 1555 1124; x_wconf 81' lang='lat' dir='ltr'><strong>juxta</strong></span> <span class='ocrx_word' id='word_1_95' title='bbox 1568 1052 1624 1124; x_wconf 85' lang='lat' dir='ltr'><strong>ejus</strong></span> <span class='ocrx_word' id='word_1_96' title='bbox 1636 1055 1710 1109; x_wconf 87' lang='lat' dir='ltr'><strong>littus</strong></span> 
     </span>
     <span class='ocr_line' id='line_1_8' title="bbox 95 1133 1710 1213; baseline 0.004 -23"><span class='ocrx_word' id='word_1_97' title='bbox 95 1138 179 1192; x_wconf 82' lang='lat' dir='ltr'><strong>insula</strong></span> <span class='ocrx_word' id='word_1_98' title='bbox 193 1137 302 1190; x_wconf 86' lang='lat' dir='ltr'><strong>nomios</strong></span> <span class='ocrx_word' id='word_1_99' title='bbox 315 1134 446 1190; x_wconf 85' lang='lat' dir='ltr'><strong>Chalcitis.</strong></span> <span class='ocrx_word' id='word_1_100' title='bbox 485 1138 551 1202; x_wconf 82' lang='lat' dir='ltr'><strong>Quae</strong></span> <span class='ocrx_word' id='word_1_101' title='bbox 566 1145 595 1186; x_wconf 88' lang='lat' dir='ltr'><strong>ut</strong></span> <span class='ocrx_word' id='word_1_102' title='bbox 610 1133 764 1205; x_wconf 72' lang='lat' dir='ltr'><strong>explicatius</strong></span> <span class='ocrx_word' id='word_1_103' title='bbox 781 1137 881 1207; x_wconf 86' lang='lat' dir='ltr'><strong>perspi·</strong></span> <span class='ocrx_word' id='word_1_104' title='bbox 924 1155 1033 1208; x_wconf 80' lang='lat' dir='ltr'><strong>vergens</strong></span> <span class='ocrx_word' id='word_1_105' title='bbox 1046 1138 1080 1192; x_wconf 86' lang='lat' dir='ltr'><strong>ad</strong></span> <span class='ocrx_word' id='word_1_106' title='bbox 1095 1141 1224 1194; x_wconf 73' lang='lat' dir='ltr'><strong>orientem</strong></span> <span class='ocrx_word' id='word_1_107' title='bbox 1243 1142 1317 1193; x_wconf 81' lang='lat' dir='ltr'><strong>vicus</strong></span> <span class='ocrx_word' id='word_1_108' title='bbox 1328 1150 1365 1193; x_wconf 82' lang='lat' dir='ltr'><strong>est</strong></span> <span class='ocrx_word' id='word_1_109' title='bbox 1384 1138 1435 1192; x_wconf 86' lang='lat' dir='ltr'><strong>snb</strong></span> <span class='ocrx_word' id='word_1_110' title='bbox 1447 1157 1475 1194; x_wconf 90' lang='lat' dir='ltr'><strong>se</strong></span> <span class='ocrx_word' id='word_1_111' title='bbox 1489 1141 1587 1194; x_wconf 83' lang='lat' dir='ltr'><strong>babens</strong></span> <span class='ocrx_word' id='word_1_112' title='bbox 1600 1153 1710 1213; x_wconf 86' lang='lat' dir='ltr'><strong>portum</strong></span> 
     </span>
     <span class='ocr_line' id='line_1_9' title="bbox 95 1217 1709 1300; baseline 0.003 -24"><span class='ocrx_word' id='word_1_113' title='bbox 95 1225 208 1288; x_wconf 82' lang='lat' dir='ltr'><strong>alantur,</strong></span> <span class='ocrx_word' id='word_1_114' title='bbox 225 1219 372 1274; x_wconf 79' lang='lat' dir='ltr'><strong>describam</strong></span> <span class='ocrx_word' id='word_1_115' title='bbox 385 1220 547 1292; x_wconf 85' lang='lat' dir='ltr'><strong>subsequens</strong></span> <span class='ocrx_word' id='word_1_116' title='bbox 561 1219 645 1274; x_wconf 89' lang='lat' dir='ltr'><strong>littus.</strong></span> <span class='ocrx_word' id='word_1_117' title='bbox 682 1217 744 1274; x_wconf 81' lang='lat' dir='ltr'><strong>Post</strong></span> <span class='ocrx_word' id='word_1_118' title='bbox 755 1238 881 1292; x_wconf 90' lang='lat' dir='ltr'><strong>promon·</strong></span> <span class='ocrx_word' id='word_1_119' title='bbox 924 1224 1089 1294; x_wconf 68' lang='lat' dir='ltr'><strong>subjectum</strong></span> <span class='ocrx_word' id='word_1_120' title='bbox 1104 1243 1183 1297; x_wconf 87' lang='lat' dir='ltr'><strong>supra</strong></span> <span class='ocrx_word' id='word_1_121' title='bbox 1196 1227 1283 1279; x_wconf 85' lang='lat' dir='ltr'><strong>vicum</strong></span> <span class='ocrx_word' id='word_1_122' title='bbox 1295 1226 1356 1280; x_wconf 76' lang='lat' dir='ltr'><strong>duae</strong></span> <span class='ocrx_word' id='word_1_123' title='bbox 1367 1228 1485 1280; x_wconf 77' lang='lat' dir='ltr'><strong>cisternae</strong></span> <span class='ocrx_word' id='word_1_124' title='bbox 1498 1227 1628 1293; x_wconf 84' lang='lat' dir='ltr'><strong>rotundae,</strong></span> <span class='ocrx_word' id='word_1_125' title='bbox 1644 1246 1709 1300; x_wconf 87' lang='lat' dir='ltr'><strong>qna·</strong></span> 
     </span>
     <span class='ocr_line' id='line_1_10' title="bbox 88 1305 1710 1388; baseline 0.004 -25"><span class='ocrx_word' id='word_1_126' title='bbox 88 1312 194 1364; x_wconf 82' lang='lat' dir='ltr'><strong>&#39;tarium</strong></span> <span class='ocrx_word' id='word_1_127' title='bbox 209 1311 335 1364; x_wconf 74' lang='lat' dir='ltr'><strong>Heraeum</strong></span> <span class='ocrx_word' id='word_1_128' title='bbox 346 1309 461 1378; x_wconf 76' lang='lat' dir='ltr'><strong>pergenti</strong></span> <span class='ocrx_word' id='word_1_129' title='bbox 475 1305 509 1360; x_wconf 86' lang='lat' dir='ltr'><strong>ad</strong></span> <span class='ocrx_word' id='word_1_130' title='bbox 521 1308 608 1360; x_wconf 86' lang='lat' dir='ltr'><strong>sinum</strong></span> <span class='ocrx_word' id='word_1_131' title='bbox 620 1307 780 1362; x_wconf 81' lang='lat' dir='ltr'><strong>Nicomediae</strong></span> <span class='ocrx_word' id='word_1_132' title='bbox 794 1325 882 1362; x_wconf 89' lang='lat' dir='ltr'><strong>sucee-</strong></span> <span class='ocrx_word' id='word_1_133' title='bbox 924 1327 984 1363; x_wconf 88' lang='lat' dir='ltr'><strong>rum</strong></span> <span class='ocrx_word' id='word_1_134' title='bbox 997 1311 1191 1382; x_wconf 79' lang='lat' dir='ltr'><strong>majorianatur</strong></span> <span class='ocrx_word' id='word_1_135' title='bbox 1202 1314 1230 1366; x_wconf 93' lang='lat' dir='ltr'><strong>ia</strong></span> <span class='ocrx_word' id='word_1_136' title='bbox 1242 1313 1443 1384; x_wconf 86' lang='lat' dir='ltr'><strong>amplitudinem</strong></span> <span class='ocrx_word' id='word_1_137' title='bbox 1455 1316 1543 1384; x_wconf 86' lang='lat' dir='ltr'><strong>magni</strong></span> <span class='ocrx_word' id='word_1_138' title='bbox 1554 1315 1710 1388; x_wconf 73' lang='lat' dir='ltr'><strong>hemisphe-</strong></span> 
     </span>
     <span class='ocr_line' id='line_1_11' title="bbox 95 1394 1710 1478; baseline 0.006 -28"><span class='ocrx_word' id='word_1_139' title='bbox 95 1399 131 1451; x_wconf 93' lang='lat' dir='ltr'><strong>dit</strong></span> <span class='ocrx_word' id='word_1_140' title='bbox 143 1397 217 1450; x_wconf 90' lang='lat' dir='ltr'><strong>alind</strong></span> <span class='ocrx_word' id='word_1_141' title='bbox 226 1394 533 1468; x_wconf 82' lang='lat' dir='ltr'><strong>promontorium,quod</strong></span> <span class='ocrx_word' id='word_1_142' title='bbox 545 1399 638 1464; x_wconf 80' lang='lat' dir='ltr'><strong>vulgus</strong></span> <span class='ocrx_word' id='word_1_143' title='bbox 650 1406 726 1478; x_wconf 78' lang='lat' dir='ltr'><strong>yoeat</strong></span> <span class='ocrx_word' id='word_1_144' title='bbox 739 1397 879 1460; x_wconf 66' lang='lat' dir='ltr'><strong>hritriou,</strong></span> <span class='ocrx_word' id='word_1_145' title='bbox 924 1399 970 1454; x_wconf 90' lang='lat' dir='ltr'><strong>rii.</strong></span> <span class='ocrx_word' id='word_1_146' title='bbox 992 1399 1167 1454; x_wconf 82' lang='lat' dir='ltr'><strong>&#39;ibermarum</strong></span> <span class='ocrx_word' id='word_1_147' title='bbox 1181 1417 1335 1470; x_wconf 84' lang='lat' dir='ltr'><strong>magnarum</strong></span> <span class='ocrx_word' id='word_1_148' title='bbox 1349 1403 1534 1472; x_wconf 65' lang='lat' dir='ltr'><strong>Byzantiorum</strong></span> <span class='ocrx_word' id='word_1_149' title='bbox 1549 1401 1631 1458; x_wconf 84' lang='lat' dir='ltr'><strong>insula</strong></span> <span class='ocrx_word' id='word_1_150' title='bbox 1641 1403 1710 1461; x_wconf 90' lang='lat' dir='ltr'><strong>dno-</strong></span> 
     </span>
     <span class='ocr_line' id='line_1_12' title="bbox 94 1473 1709 1562; baseline 0.004 -25"><span class='ocrx_word' id='word_1_151' title='bbox 94 1485 239 1549; x_wconf 76' lang='lat' dir='ltr'><strong>nescio,an</strong></span> <span class='ocrx_word' id='word_1_152' title='bbox 252 1484 326 1555; x_wconf 88' lang='lat' dir='ltr'><strong>quasi</strong></span> <span class='ocrx_word' id='word_1_153' title='bbox 341 1473 497 1552; x_wconf 77' lang='lat' dir='ltr'><strong>Xurpidtos3</strong></span> <span class='ocrx_word' id='word_1_154' title='bbox 510 1482 673 1536; x_wconf 83' lang='lat' dir='ltr'><strong>aamaoeolae</strong></span> <span class='ocrx_word' id='word_1_155' title='bbox 687 1483 797 1536; x_wconf 86' lang='lat' dir='ltr'><strong>inbono</strong></span> <span class='ocrx_word' id='word_1_156' title='bbox 809 1481 880 1536; x_wconf 88' lang='lat' dir='ltr'><strong>diem</strong></span> <span class='ocrx_word' id='word_1_157' title='bbox 924 1485 974 1540; x_wconf 87' lang='lat' dir='ltr'><strong>bus</strong></span> <span class='ocrx_word' id='word_1_158' title='bbox 995 1487 1134 1541; x_wconf 77' lang='lat' dir='ltr'><strong>verticibus</strong></span> <span class='ocrx_word' id='word_1_159' title='bbox 1152 1489 1301 1560; x_wconf 81' lang='lat' dir='ltr'><strong>prominet,</strong></span> <span class='ocrx_word' id='word_1_160' title='bbox 1318 1487 1399 1542; x_wconf 85' lang='lat' dir='ltr'><strong>altero</strong></span> <span class='ocrx_word' id='word_1_161' title='bbox 1416 1499 1537 1558; x_wconf 79' lang='lat' dir='ltr'><strong>vergente</strong></span> <span class='ocrx_word' id='word_1_162' title='bbox 1553 1489 1587 1543; x_wconf 87' lang='lat' dir='ltr'><strong>ad</strong></span> <span class='ocrx_word' id='word_1_163' title='bbox 1605 1499 1709 1562; x_wconf 88' lang='lat' dir='ltr'><strong>septen·</strong></span> 
     </span>
     <span class='ocr_line' id='line_1_13' title="bbox 92 1567 1708 1648; baseline 0.006 -28"><span class='ocrx_word' id='word_1_164' title='bbox 92 1567 214 1638; x_wconf 87' lang='lat' dir='ltr'><strong>jactitant</strong></span> <span class='ocrx_word' id='word_1_165' title='bbox 237 1570 366 1624; x_wconf 77' lang='lat' dir='ltr'><strong>inveniere</strong></span> <span class='ocrx_word' id='word_1_166' title='bbox 386 1569 465 1623; x_wconf 83' lang='lat' dir='ltr'><strong>ollam</strong></span> <span class='ocrx_word' id='word_1_167' title='bbox 485 1585 552 1624; x_wconf 88' lang='lat' dir='ltr'><strong>auro</strong></span> <span class='ocrx_word' id='word_1_168' title='bbox 570 1567 674 1638; x_wconf 87' lang='lat' dir='ltr'><strong>plenam</strong></span> <span class='ocrx_word' id='word_1_169' title='bbox 697 1571 724 1622; x_wconf 93' lang='lat' dir='ltr'><strong>in</strong></span> <span class='ocrx_word' id='word_1_170' title='bbox 739 1569 880 1640; x_wconf 84' lang='lat' dir='ltr'><strong>bujnsloei</strong></span> <span class='ocrx_word' id='word_1_171' title='bbox 924 1576 1039 1640; x_wconf 78' lang='lat' dir='ltr'><strong>triones,</strong></span> <span class='ocrx_word' id='word_1_172' title='bbox 1062 1573 1144 1628; x_wconf 86' lang='lat' dir='ltr'><strong>altero</strong></span> <span class='ocrx_word' id='word_1_173' title='bbox 1164 1577 1199 1628; x_wconf 87' lang='lat' dir='ltr'><strong>ad</strong></span> <span class='ocrx_word' id='word_1_174' title='bbox 1220 1574 1355 1628; x_wconf 79' lang='lat' dir='ltr'><strong>cardinem</strong></span> <span class='ocrx_word' id='word_1_175' title='bbox 1379 1575 1564 1648; x_wconf 78' lang='lat' dir='ltr'><strong>meridianum.</strong></span> <span class='ocrx_word' id='word_1_176' title='bbox 1602 1579 1708 1631; x_wconf 86' lang='lat' dir='ltr'><strong>Dicitur</strong></span> 
     </span>
     <span class='ocr_line' id='line_1_14' title="bbox 97 1655 1708 1732; baseline 0.005 -24"><span class='ocrx_word' id='word_1_177' title='bbox 97 1657 201 1710; x_wconf 74' lang='lat' dir='ltr'><strong>ricinia.</strong></span> <span class='ocrx_word' id='word_1_178' title='bbox 219 1658 261 1718; x_wconf 76' lang='lat' dir='ltr'><strong>iia</strong></span> <span class='ocrx_word' id='word_1_179' title='bbox 273 1656 356 1710; x_wconf 78' lang='lat' dir='ltr'><strong>insula</strong></span> <span class='ocrx_word' id='word_1_180' title='bbox 366 1655 477 1727; x_wconf 87' lang='lat' dir='ltr'><strong>Pityode</strong></span> <span class='ocrx_word' id='word_1_181' title='bbox 494 1656 613 1724; x_wconf 73' lang='lat' dir='ltr'><strong>navigeri</strong></span> <span class='ocrx_word' id='word_1_182' title='bbox 628 1656 880 1711; x_wconf 84' lang='lat' dir='ltr'><strong>reetaviaincooti·</strong></span> <span class='ocrx_word' id='word_1_183' title='bbox 923 1662 1035 1714; x_wconf 78' lang='lat' dir='ltr'><strong>cirmitu</strong></span> <span class='ocrx_word' id='word_1_184' title='bbox 1056 1661 1194 1732; x_wconf 80' lang='lat' dir='ltr'><strong>complecti</strong></span> <span class='ocrx_word' id='word_1_185' title='bbox 1217 1661 1321 1714; x_wconf 82' lang='lat' dir='ltr'><strong>circiter</strong></span> <span class='ocrx_word' id='word_1_186' title='bbox 1344 1663 1394 1715; x_wconf 89' lang='lat' dir='ltr'><strong>tria</strong></span> <span class='ocrx_word' id='word_1_187' title='bbox 1411 1661 1536 1726; x_wconf 76' lang='lat' dir='ltr'><strong>miliaria3</strong></span> <span class='ocrx_word' id='word_1_188' title='bbox 1559 1679 1574 1715; x_wconf 85' lang='lat' dir='ltr'><strong>a</strong></span> <span class='ocrx_word' id='word_1_189' title='bbox 1599 1663 1708 1716; x_wconf 84' lang='lat' dir='ltr'><strong>meridie</strong></span> 
     </span>
     <span class='ocr_line' id='line_1_15' title="bbox 92 1743 1709 1820; baseline 0.004 -24"><span class='ocrx_word' id='word_1_190' title='bbox 92 1753 200 1798; x_wconf 88' lang='lat' dir='ltr'><strong>nentem</strong></span> <span class='ocrx_word' id='word_1_191' title='bbox 212 1743 249 1797; x_wconf 86' lang='lat' dir='ltr'><strong>ad</strong></span> <span class='ocrx_word' id='word_1_192' title='bbox 264 1743 350 1798; x_wconf 84' lang='lat' dir='ltr'><strong>villam</strong></span> <span class='ocrx_word' id='word_1_193' title='bbox 363 1745 439 1797; x_wconf 87' lang='lat' dir='ltr'><strong>sitam</strong></span> <span class='ocrx_word' id='word_1_194' title='bbox 451 1743 781 1814; x_wconf 83' lang='lat' dir='ltr'><strong>inoramsritima,quam</strong></span> <span class='ocrx_word' id='word_1_195' title='bbox 794 1745 879 1798; x_wconf 80' lang='lat' dir='ltr'><strong>Greci</strong></span> <span class='ocrx_word' id='word_1_196' title='bbox 924 1749 1002 1802; x_wconf 88' lang='lat' dir='ltr'><strong>babet</strong></span> <span class='ocrx_word' id='word_1_197' title='bbox 1021 1749 1133 1802; x_wconf 87' lang='lat' dir='ltr'><strong>insulam</strong></span> <span class='ocrx_word' id='word_1_198' title='bbox 1154 1751 1320 1819; x_wconf 74' lang='lat' dir='ltr'><strong>Antigonon,</strong></span> <span class='ocrx_word' id='word_1_199' title='bbox 1340 1767 1420 1820; x_wconf 85' lang='lat' dir='ltr'><strong>eqtm</strong></span> <span class='ocrx_word' id='word_1_200' title='bbox 1435 1749 1508 1802; x_wconf 80' lang='lat' dir='ltr'><strong>abest</strong></span> <span class='ocrx_word' id='word_1_201' title='bbox 1525 1759 1586 1802; x_wconf 88' lang='lat' dir='ltr'><strong>octo</strong></span> <span class='ocrx_word' id='word_1_202' title='bbox 1604 1750 1709 1803; x_wconf 81' lang='lat' dir='ltr'><strong>circiter</strong></span> 
     </span>
     <span class='ocr_line' id='line_1_16' title="bbox 95 1831 1708 1904; baseline 0.004 -22"><span class='ocrx_word' id='word_1_203' title='bbox 95 1841 189 1886; x_wconf 72' lang='lat' dir='ltr'><strong>vomat</strong></span> <span class='ocrx_word' id='word_1_204' title='bbox 212 1831 324 1884; x_wconf 83' lang='lat' dir='ltr'><strong>Obriam</strong></span> <span class='ocrx_word' id='word_1_205' title='bbox 342 1831 396 1884; x_wconf 85' lang='lat' dir='ltr'><strong>sire</strong></span> <span class='ocrx_word' id='word_1_206' title='bbox 415 1831 540 1894; x_wconf 79' lang='lat' dir='ltr'><strong>Abriam,</strong></span> <span class='ocrx_word' id='word_1_207' title='bbox 566 1831 647 1884; x_wconf 80' lang='lat' dir='ltr'><strong>Turni</strong></span> <span class='ocrx_word' id='word_1_208' title='bbox 673 1831 802 1904; x_wconf 84' lang='lat' dir='ltr'><strong>appellant</strong></span> <span class='ocrx_word' id='word_1_209' title='bbox 822 1849 879 1884; x_wconf 88' lang='lat' dir='ltr'><strong>eam</strong></span> <span class='ocrx_word' id='word_1_210' title='bbox 924 1834 1023 1899; x_wconf 79' lang='lat' dir='ltr'><strong>stedii;</strong></span> <span class='ocrx_word' id='word_1_211' title='bbox 1036 1835 1105 1888; x_wconf 88' lang='lat' dir='ltr'><strong>inter</strong></span> <span class='ocrx_word' id='word_1_212' title='bbox 1115 1835 1252 1888; x_wconf 88' lang='lat' dir='ltr'><strong>meridiem</strong></span> <span class='ocrx_word' id='word_1_213' title='bbox 1265 1845 1292 1888; x_wconf 89' lang='lat' dir='ltr'><strong>et</strong></span> <span class='ocrx_word' id='word_1_214' title='bbox 1303 1851 1424 1887; x_wconf 76' lang='lat' dir='ltr'><strong>ocmsum</strong></span> <span class='ocrx_word' id='word_1_215' title='bbox 1436 1833 1580 1887; x_wconf 75' lang='lat' dir='ltr'><strong>brumalem</strong></span> <span class='ocrx_word' id='word_1_216' title='bbox 1591 1835 1708 1889; x_wconf 90' lang='lat' dir='ltr'><strong>intuetur</strong></span> 
     </span>
     <span class='ocr_line' id='line_1_17' title="bbox 94 1915 1708 1993; baseline 0.002 -23"><span class='ocrx_word' id='word_1_217' title='bbox 94 1917 238 1989; x_wconf 75' lang='lat' dir='ltr'><strong>Malrepet,</strong></span> <span class='ocrx_word' id='word_1_218' title='bbox 262 1918 337 1970; x_wconf 88' lang='lat' dir='ltr'><strong>sitam</strong></span> <span class='ocrx_word' id='word_1_219' title='bbox 360 1915 395 1970; x_wconf 88' lang='lat' dir='ltr'><strong>ad</strong></span> <span class='ocrx_word' id='word_1_220' title='bbox 422 1915 522 1970; x_wconf 82' lang='lat' dir='ltr'><strong>radiens</strong></span> <span class='ocrx_word' id='word_1_221' title='bbox 551 1927 680 1970; x_wconf 83' lang='lat' dir='ltr'><strong>extremas</strong></span> <span class='ocrx_word' id='word_1_222' title='bbox 704 1919 878 1988; x_wconf 88' lang='lat' dir='ltr'><strong>promontorii</strong></span> <span class='ocrx_word' id='word_1_223' title='bbox 923 1919 990 1973; x_wconf 87' lang='lat' dir='ltr'><strong>duas</strong></span> <span class='ocrx_word' id='word_1_224' title='bbox 1009 1919 1122 1984; x_wconf 83' lang='lat' dir='ltr'><strong>insoles,</strong></span> <span class='ocrx_word' id='word_1_225' title='bbox 1137 1937 1249 1992; x_wconf 86' lang='lat' dir='ltr'><strong>quarum</strong></span> <span class='ocrx_word' id='word_1_226' title='bbox 1267 1920 1346 1973; x_wconf 83' lang='lat' dir='ltr'><strong>altera</strong></span> <span class='ocrx_word' id='word_1_227' title='bbox 1360 1920 1462 1992; x_wconf 86' lang='lat' dir='ltr'><strong>Platys,</strong></span> <span class='ocrx_word' id='word_1_228' title='bbox 1483 1921 1564 1974; x_wconf 88' lang='lat' dir='ltr'><strong>altera</strong></span> <span class='ocrx_word' id='word_1_229' title='bbox 1580 1921 1648 1974; x_wconf 79' lang='lat' dir='ltr'><strong>Otia</strong></span> <span class='ocrx_word' id='word_1_230' title='bbox 1662 1939 1708 1993; x_wconf 83' lang='lat' dir='ltr'><strong>ep·</strong></span> 
     </span>
     <span class='ocr_line' id='line_1_18' title="bbox 94 1997 1707 2080; baseline 0.006 -27"><span class='ocrx_word' id='word_1_231' title='bbox 94 2004 167 2074; x_wconf 88' lang='lat' dir='ltr'><strong>positi</strong></span> <span class='ocrx_word' id='word_1_232' title='bbox 182 2011 277 2056; x_wconf 81' lang='lat' dir='ltr'><strong>contra</strong></span> <span class='ocrx_word' id='word_1_233' title='bbox 290 2001 438 2056; x_wconf 75' lang='lat' dir='ltr'><strong>chalcitim.</strong></span> <span class='ocrx_word' id='word_1_234' title='bbox 472 1997 560 2067; x_wconf 81' lang='lat' dir='ltr'><strong>Vide,</strong></span> <span class='ocrx_word' id='word_1_235' title='bbox 573 2019 606 2055; x_wconf 91' lang='lat' dir='ltr'><strong>aa</strong></span> <span class='ocrx_word' id='word_1_236' title='bbox 615 2002 709 2056; x_wconf 86' lang='lat' dir='ltr'><strong>boesit</strong></span> <span class='ocrx_word' id='word_1_237' title='bbox 724 2004 816 2056; x_wconf 80' lang='lat' dir='ltr'><strong>Euroo</strong></span> <span class='ocrx_word' id='word_1_238' title='bbox 826 2004 880 2056; x_wconf 81' lang='lat' dir='ltr'><strong>sive</strong></span> <span class='ocrx_word' id='word_1_239' title='bbox 923 2008 1043 2080; x_wconf 85' lang='lat' dir='ltr'><strong>pellatur,</strong></span> <span class='ocrx_word' id='word_1_240' title='bbox 1059 2009 1086 2062; x_wconf 92' lang='lat' dir='ltr'><strong>in</strong></span> <span class='ocrx_word' id='word_1_241' title='bbox 1100 2019 1206 2062; x_wconf 87' lang='lat' dir='ltr'><strong>acutum</strong></span> <span class='ocrx_word' id='word_1_242' title='bbox 1217 2007 1342 2062; x_wconf 80' lang='lat' dir='ltr'><strong>verticem</strong></span> <span class='ocrx_word' id='word_1_243' title='bbox 1356 2007 1499 2079; x_wconf 73' lang='lat' dir='ltr'><strong>fastigiata,</strong></span> <span class='ocrx_word' id='word_1_244' title='bbox 1512 2007 1631 2080; x_wconf 87' lang='lat' dir='ltr'><strong>undique</strong></span> <span class='ocrx_word' id='word_1_245' title='bbox 1641 2027 1707 2080; x_wconf 76' lang='lat' dir='ltr'><strong>pre·</strong></span> 
     </span>
     <span class='ocr_line' id='line_1_19' title="bbox 93 2089 1708 2166; baseline 0.005 -24"><span class='ocrx_word' id='word_1_246' title='bbox 93 2091 170 2160; x_wconf 83' lang='lat' dir='ltr'><strong>Hyris</strong></span> <span class='ocrx_word' id='word_1_247' title='bbox 182 2090 405 2160; x_wconf 86' lang='lat' dir='ltr'><strong>promontorium,</strong></span> <span class='ocrx_word' id='word_1_248' title='bbox 417 2106 450 2142; x_wconf 83' lang='lat' dir='ltr'><strong>an</strong></span> <span class='ocrx_word' id='word_1_249' title='bbox 464 2089 527 2142; x_wconf 91' lang='lat' dir='ltr'><strong>illud</strong></span> <span class='ocrx_word' id='word_1_250' title='bbox 541 2089 613 2160; x_wconf 90' lang='lat' dir='ltr'><strong>qnod</strong></span> <span class='ocrx_word' id='word_1_251' title='bbox 622 2089 677 2159; x_wconf 86' lang='lat' dir='ltr'><strong>jam</strong></span> <span class='ocrx_word' id='word_1_252' title='bbox 689 2089 744 2144; x_wconf 80' lang='lat' dir='ltr'><strong>disi</strong></span> <span class='ocrx_word' id='word_1_253' title='bbox 757 2089 879 2161; x_wconf 84' lang='lat' dir='ltr'><strong>appellari</strong></span> <span class='ocrx_word' id='word_1_254' title='bbox 923 2112 984 2166; x_wconf 84' lang='lat' dir='ltr'><strong>cepe</strong></span> <span class='ocrx_word' id='word_1_255' title='bbox 1001 2104 1028 2147; x_wconf 91' lang='lat' dir='ltr'><strong>et</strong></span> <span class='ocrx_word' id='word_1_256' title='bbox 1048 2105 1195 2166; x_wconf 61' lang='lat' dir='ltr'><strong>praeruptu</strong></span> <span class='ocrx_word' id='word_1_257' title='bbox 1215 2092 1353 2148; x_wconf 82' lang='lat' dir='ltr'><strong>altitudine</strong></span> <span class='ocrx_word' id='word_1_258' title='bbox 1374 2092 1409 2147; x_wconf 89' lang='lat' dir='ltr'><strong>ad</strong></span> <span class='ocrx_word' id='word_1_259' title='bbox 1432 2093 1649 2166; x_wconf 79' lang='lat' dir='ltr'><strong>perpendiculum</strong></span> <span class='ocrx_word' id='word_1_260' title='bbox 1668 2094 1708 2150; x_wconf 90' lang='lat' dir='ltr'><strong>di·</strong></span> 
     </span>
     <span class='ocr_line' id='line_1_20' title="bbox 93 2174 1708 2252; baseline 0.004 -24"><span class='ocrx_word' id='word_1_261' title='bbox 93 2177 233 2228; x_wconf 74' lang='lat' dir='ltr'><strong>iaritrion.</strong></span> <span class='ocrx_word' id='word_1_262' title='bbox 271 2177 373 2230; x_wconf 90' lang='lat' dir='ltr'><strong>Verum</strong></span> <span class='ocrx_word' id='word_1_263' title='bbox 394 2185 425 2229; x_wconf 88' lang='lat' dir='ltr'><strong>at</strong></span> <span class='ocrx_word' id='word_1_264' title='bbox 442 2175 536 2228; x_wconf 80' lang='lat' dir='ltr'><strong>melius</strong></span> <span class='ocrx_word' id='word_1_265' title='bbox 555 2174 712 2244; x_wconf 88' lang='lat' dir='ltr'><strong>intelligatur</strong></span> <span class='ocrx_word' id='word_1_266' title='bbox 721 2177 787 2230; x_wconf 87' lang='lat' dir='ltr'><strong>situs</strong></span> <span class='ocrx_word' id='word_1_267' title='bbox 802 2175 879 2229; x_wconf 85' lang='lat' dir='ltr'><strong>Cbal-</strong></span> <span class='ocrx_word' id='word_1_268' title='bbox 923 2198 1013 2233; x_wconf 85' lang='lat' dir='ltr'><strong>mensa</strong></span> <span class='ocrx_word' id='word_1_269' title='bbox 1026 2190 1132 2252; x_wconf 80' lang='lat' dir='ltr'><strong>supent</strong></span> <span class='ocrx_word' id='word_1_270' title='bbox 1149 2197 1240 2234; x_wconf 85' lang='lat' dir='ltr'><strong>omnes</strong></span> <span class='ocrx_word' id='word_1_271' title='bbox 1257 2180 1335 2234; x_wconf 84' lang='lat' dir='ltr'><strong>nolles</strong></span> <span class='ocrx_word' id='word_1_272' title='bbox 1356 2181 1483 2252; x_wconf 80' lang='lat' dir='ltr'><strong>Byzantii.</strong></span> <span class='ocrx_word' id='word_1_273' title='bbox 1520 2182 1560 2235; x_wconf 80' lang='lat' dir='ltr'><strong>Ex</strong></span> <span class='ocrx_word' id='word_1_274' title='bbox 1577 2179 1708 2252; x_wconf 75' lang='lat' dir='ltr'><strong>aliquibus</strong></span> 
     </span>
     <span class='ocr_line' id='line_1_21' title="bbox 93 2253 1706 2337; baseline 0.006 -25"><span class='ocrx_word' id='word_1_275' title='bbox 93 2257 218 2324; x_wconf 72' lang='lat' dir='ltr'><strong>redonis,</strong></span> <span class='ocrx_word' id='word_1_276' title='bbox 231 2271 258 2313; x_wconf 89' lang='lat' dir='ltr'><strong>et</strong></span> <span class='ocrx_word' id='word_1_277' title='bbox 268 2261 315 2313; x_wconf 91' lang='lat' dir='ltr'><strong>ubi</strong></span> <span class='ocrx_word' id='word_1_278' title='bbox 329 2259 407 2313; x_wconf 87' lang='lat' dir='ltr'><strong>inerit</strong></span> <span class='ocrx_word' id='word_1_279' title='bbox 417 2253 541 2331; x_wconf 84' lang='grc' dir='ltr'>Ἥραιον,</span> <span class='ocrx_word' id='word_1_280' title='bbox 554 2262 633 2332; x_wconf 90' lang='lat' dir='ltr'><strong>paulo</strong></span> <span class='ocrx_word' id='word_1_281' title='bbox 649 2267 723 2316; x_wconf 74' lang='lat' dir='ltr'><strong>eitra</strong></span> <span class='ocrx_word' id='word_1_282' title='bbox 731 2264 879 2333; x_wconf 75' lang='lat' dir='ltr'><strong>bosporum</strong></span> <span class='ocrx_word' id='word_1_283' title='bbox 923 2266 1171 2337; x_wconf 81' lang='lat' dir='ltr'><strong>partibusasoensus</strong></span> <span class='ocrx_word' id='word_1_284' title='bbox 1188 2267 1215 2319; x_wconf 92' lang='lat' dir='ltr'><strong>ia</strong></span> <span class='ocrx_word' id='word_1_285' title='bbox 1229 2267 1311 2337; x_wconf 81' lang='lat' dir='ltr'><strong>ipsam</strong></span> <span class='ocrx_word' id='word_1_286' title='bbox 1328 2284 1383 2319; x_wconf 91' lang='lat' dir='ltr'><strong>oon</strong></span> <span class='ocrx_word' id='word_1_287' title='bbox 1395 2275 1465 2336; x_wconf 85' lang='lat' dir='ltr'><strong>petet</strong></span> <span class='ocrx_word' id='word_1_288' title='bbox 1480 2264 1642 2320; x_wconf 85' lang='lat' dir='ltr'><strong>obdireotos</strong></span> <span class='ocrx_word' id='word_1_289' title='bbox 1659 2267 1706 2322; x_wconf 84' lang='lat' dir='ltr'><strong>eli·</strong></span> 
     </span>
     <span class='ocr_line' id='line_1_22' title="bbox 93 2347 1706 2421; baseline 0.005 -23"><span class='ocrx_word' id='word_1_290' title='bbox 93 2347 217 2416; x_wconf 78' lang='lat' dir='ltr'><strong>ragabor,</strong></span> <span class='ocrx_word' id='word_1_291' title='bbox 238 2347 284 2399; x_wconf 88' lang='lat' dir='ltr'><strong>sed</strong></span> <span class='ocrx_word' id='word_1_292' title='bbox 307 2349 333 2399; x_wconf 91' lang='lat' dir='ltr'><strong>in</strong></span> <span class='ocrx_word' id='word_1_293' title='bbox 354 2359 496 2420; x_wconf 85' lang='lat' dir='ltr'><strong>conspectu</strong></span> <span class='ocrx_word' id='word_1_294' title='bbox 512 2347 686 2402; x_wconf 84' lang='lat' dir='ltr'><strong>Chalcedonis</strong></span> <span class='ocrx_word' id='word_1_295' title='bbox 702 2359 728 2402; x_wconf 92' lang='lat' dir='ltr'><strong>et</strong></span> <span class='ocrx_word' id='word_1_296' title='bbox 741 2349 875 2419; x_wconf 83' lang='lat' dir='ltr'><strong>Byzantii,</strong></span> <span class='ocrx_word' id='word_1_297' title='bbox 923 2369 980 2406; x_wconf 83' lang='lat' dir='ltr'><strong>ros.</strong></span> <span class='ocrx_word' id='word_1_298' title='bbox 1014 2351 1098 2406; x_wconf 79' lang='lat' dir='ltr'><strong>Multa</strong></span> <span class='ocrx_word' id='word_1_299' title='bbox 1119 2353 1198 2406; x_wconf 88' lang='lat' dir='ltr'><strong>etiam</strong></span> <span class='ocrx_word' id='word_1_300' title='bbox 1212 2370 1285 2404; x_wconf 86' lang='lat' dir='ltr'><strong>nnnc</strong></span> <span class='ocrx_word' id='word_1_301' title='bbox 1296 2352 1403 2421; x_wconf 79' lang='lat' dir='ltr'><strong>vestigia</strong></span> <span class='ocrx_word' id='word_1_302' title='bbox 1423 2353 1519 2404; x_wconf 84' lang='lat' dir='ltr'><strong>retinet</strong></span> <span class='ocrx_word' id='word_1_303' title='bbox 1533 2353 1706 2406; x_wconf 75' lang='lat' dir='ltr'><strong>cisternam</strong></span> 
     </span>
     <span class='ocr_line' id='line_1_23' title="bbox 97 2431 1707 2508; baseline 0.005 -24"><span class='ocrx_word' id='word_1_304' title='bbox 97 2431 170 2503; x_wconf 90' lang='lat' dir='ltr'><strong>quod</strong></span> <span class='ocrx_word' id='word_1_305' title='bbox 182 2433 263 2506; x_wconf 83' lang='lat' dir='ltr'><strong>paulo</strong></span> <span class='ocrx_word' id='word_1_306' title='bbox 272 2443 335 2508; x_wconf 89' lang='lat' dir='ltr'><strong>post</strong></span> <span class='ocrx_word' id='word_1_307' title='bbox 351 2431 529 2504; x_wconf 76' lang='lat' dir='ltr'><strong>descripturus</strong></span> <span class='ocrx_word' id='word_1_308' title='bbox 543 2451 612 2488; x_wconf 87' lang='lat' dir='ltr'><strong>sum.</strong></span> <span class='ocrx_word' id='word_1_309' title='bbox 922 2437 1086 2507; x_wconf 87' lang='lat' dir='ltr'><strong>aliorumque</strong></span> <span class='ocrx_word' id='word_1_310' title='bbox 1098 2435 1280 2490; x_wconf 73' lang='lat' dir='ltr'><strong>edificiorum.</strong></span> <span class='ocrx_word' id='word_1_311' title='bbox 1317 2439 1401 2491; x_wconf 77' lang='lat' dir='ltr'><strong>Aiunt</strong></span> <span class='ocrx_word' id='word_1_312' title='bbox 1412 2437 1449 2490; x_wconf 92' lang='lat' dir='ltr'><strong>ibi</strong></span> <span class='ocrx_word' id='word_1_313' title='bbox 1459 2438 1558 2506; x_wconf 69' lang='grc' dir='ltr'>ννςίοιο</span> <span class='ocrx_word' id='word_1_314' title='bbox 1568 2455 1666 2501; x_wconf 74' lang='grc' dir='ltr'>οοοοοο,</span> <span class='ocrx_word' id='word_1_315' title='bbox 1679 2449 1707 2492; x_wconf 93' lang='lat' dir='ltr'><strong>et</strong></span> 
     </span>
     <span class='ocr_line' id='line_1_24' title="bbox 923 2523 1704 2594; baseline 0.004 -19"><span class='ocrx_word' id='word_1_316' title='bbox 923 2523 994 2576; x_wconf 84' lang='lat' dir='ltr'><strong>relat</strong></span> <span class='ocrx_word' id='word_1_317' title='bbox 1005 2539 1132 2576; x_wconf 66' lang='lat' dir='ltr'><strong>mum</strong></span> <span class='ocrx_word' id='word_1_318' title='bbox 1143 2525 1300 2594; x_wconf 74' lang='lat' dir='ltr'><strong>Caprenum</strong></span> <span class='ocrx_word' id='word_1_319' title='bbox 1313 2525 1462 2594; x_wconf 83' lang='lat' dir='ltr'><strong>aliquorum</strong></span> <span class='ocrx_word' id='word_1_320' title='bbox 1476 2541 1567 2593; x_wconf 85' lang='lat' dir='ltr'><strong>regum</strong></span> <span class='ocrx_word' id='word_1_321' title='bbox 1579 2524 1704 2591; x_wconf 66' lang='lat' dir='ltr'><strong>extitime,</strong></span> 
     </span>
     <span class='ocr_line' id='line_1_25' title="bbox 922 2608 1704 2680; baseline 0.004 -19"><span class='ocrx_word' id='word_1_322' title='bbox 922 2608 995 2680; x_wconf 87' lang='lat' dir='ltr'><strong>quod</strong></span> <span class='ocrx_word' id='word_1_323' title='bbox 1018 2626 1033 2661; x_wconf 87' lang='lat' dir='ltr'><strong>a</strong></span> <span class='ocrx_word' id='word_1_324' title='bbox 1052 2610 1090 2662; x_wconf 86' lang='lat' dir='ltr'><strong>rei</strong></span> <span class='ocrx_word' id='word_1_325' title='bbox 1113 2610 1221 2662; x_wconf 72' lang='lat' dir='ltr'><strong>venae</strong></span> <span class='ocrx_word' id='word_1_326' title='bbox 1240 2611 1351 2662; x_wconf 89' lang='lat' dir='ltr'><strong>omnino</strong></span> <span class='ocrx_word' id='word_1_327' title='bbox 1377 2609 1493 2662; x_wconf 89' lang='lat' dir='ltr'><strong>alienum</strong></span> <span class='ocrx_word' id='word_1_328' title='bbox 1514 2627 1568 2672; x_wconf 79' lang='lat' dir='ltr'><strong>nou</strong></span> <span class='ocrx_word' id='word_1_329' title='bbox 1589 2609 1704 2677; x_wconf 84' lang='lat' dir='ltr'><strong>videtur,</strong></span> 
     </span>
     <span class='ocr_line' id='line_1_26' title="bbox 922 2695 1704 2766; baseline 0.005 -18"><span class='ocrx_word' id='word_1_330' title='bbox 922 2705 1061 2766; x_wconf 82' lang='lat' dir='ltr'><strong>propterea</strong></span> <span class='ocrx_word' id='word_1_331' title='bbox 1072 2697 1134 2766; x_wconf 83' lang='lat' dir='ltr'><strong>quis</strong></span> <span class='ocrx_word' id='word_1_332' title='bbox 1147 2696 1259 2749; x_wconf 90' lang='lat' dir='ltr'><strong>naturali</strong></span> <span class='ocrx_word' id='word_1_333' title='bbox 1272 2697 1420 2749; x_wconf 90' lang='lat' dir='ltr'><strong>munitione</strong></span> <span class='ocrx_word' id='word_1_334' title='bbox 1435 2705 1497 2749; x_wconf 82' lang='lat' dir='ltr'><strong>tuta·</strong></span> <span class='ocrx_word' id='word_1_335' title='bbox 1508 2695 1621 2752; x_wconf 82' lang='lat' dir='ltr'><strong>ridetur.</strong></span> <span class='ocrx_word' id='word_1_336' title='bbox 1650 2699 1704 2752; x_wconf 79' lang='lat' dir='ltr'><strong>lit·</strong></span> 
     </span>
    </p>
   </div>
   <div class='ocr_carea' id='block_1_3' title="bbox 34 2779 1705 3211">
    <p class='ocr_par' dir='ltr' id='par_1_3' title="bbox 34 2779 1705 3211">
     <span class='ocr_line' id='line_1_27' title="bbox 34 2779 1705 2863; baseline 0.001 -17"><span class='ocrx_word' id='word_1_337' title='bbox 34 2821 38 2830; x_wconf 94' lang='lat'>·</span> <span class='ocrx_word' id='word_1_338' title='bbox 126 2791 313 2846; x_wconf 80' lang='lat' dir='ltr'><strong>Artemidorus</strong></span> <span class='ocrx_word' id='word_1_339' title='bbox 333 2793 359 2844; x_wconf 92' lang='lat' dir='ltr'><strong>in</strong></span> <span class='ocrx_word' id='word_1_340' title='bbox 380 2791 519 2846; x_wconf 86' lang='lat' dir='ltr'><strong>undecimo</strong></span> <span class='ocrx_word' id='word_1_341' title='bbox 542 2791 610 2846; x_wconf 85' lang='lat' dir='ltr'><strong>libro</strong></span> <span class='ocrx_word' id='word_1_342' title='bbox 630 2792 801 2863; x_wconf 84' lang='lat' dir='ltr'><strong>Geographiae</strong></span> <span class='ocrx_word' id='word_1_343' title='bbox 818 2793 875 2844; x_wconf 89' lang='lat' dir='ltr'><strong>ait:</strong></span> <span class='ocrx_word' id='word_1_344' title='bbox 923 2782 1083 2853; x_wconf 57' lang='lat' dir='ltr'><strong>helinium</strong></span> <span class='ocrx_word' id='word_1_345' title='bbox 1096 2779 1242 2853; x_wconf 67' lang='lat' dir='ltr'><strong>Subit-&#39;⁰¹⁰⁸&#39;</strong></span> <span class='ocrx_word' id='word_1_346' title='bbox 1255 2785 1366 2861; x_wconf 84' lang='lat' dir='ltr'><strong>orienti,</strong></span> <span class='ocrx_word' id='word_1_347' title='bbox 1387 2779 1463 2853; x_wconf 58' lang='lat' dir='ltr'>⁰¹1⁶OE</span> <span class='ocrx_word' id='word_1_348' title='bbox 1477 2783 1559 2837; x_wconf 69' lang='lat' dir='ltr'><strong>¹¹¹⁰l0⁸</strong></span> <span class='ocrx_word' id='word_1_349' title='bbox 1576 2784 1705 2840; x_wconf 58' lang='lat' dir='ltr'><strong>difficile</strong></span> 
     </span>
     <span class='ocr_line' id='line_1_28' title="bbox 92 2869 1703 2952; baseline 0.003 -20"><span class='ocrx_word' id='word_1_350' title='bbox 92 2901 108 2932; x_wconf 80' lang='lat' dir='ltr'><strong>a</strong></span> <span class='ocrx_word' id='word_1_351' title='bbox 120 2879 249 2933; x_wconf 71' lang='lat' dir='ltr'><strong>abderita</strong></span> <span class='ocrx_word' id='word_1_352' title='bbox 255 2881 438 2951; x_wconf 83' lang='lat' dir='ltr'><strong>promontorio</strong></span> <span class='ocrx_word' id='word_1_353' title='bbox 447 2881 671 2952; x_wconf 83' lang='lat' dir='ltr'><strong>praeternaviganti</strong></span> <span class='ocrx_word' id='word_1_354' title='bbox 679 2881 784 2932; x_wconf 88' lang='lat' dir='ltr'><strong>Euron¹</strong></span> <span class='ocrx_word' id='word_1_355' title='bbox 796 2879 878 2932; x_wconf 87' lang='lat' dir='ltr'><strong>stadia</strong></span> <span class='ocrx_word' id='word_1_356' title='bbox 922 2880 1082 2933; x_wconf 67' lang='lat' dir='ltr'><strong>oefssussiuri</strong></span> <span class='ocrx_word' id='word_1_357' title='bbox 1093 2869 1299 2933; x_wconf 60' lang='lat' dir='ltr'><strong>lauwflbussdtb</strong></span> <span class='ocrx_word' id='word_1_358' title='bbox 1312 2880 1338 2922; x_wconf 73' lang='grc' dir='ltr'><strong>θῑ</strong></span> <span class='ocrx_word' id='word_1_359' title='bbox 1347 2869 1435 2923; x_wconf 56' lang='lat' dir='ltr'><strong>millib</strong></span> <span class='ocrx_word' id='word_1_360' title='bbox 1444 2869 1583 2940; x_wconf 61' lang='lat' dir='ltr'><strong>ssssfflfibffl</strong></span> <span class='ocrx_word' id='word_1_361' title='bbox 1592 2871 1703 2937; x_wconf 74' lang='lat' dir='ltr'>ss0ffl¹¹¹3</span> 
     </span>
     <span class='ocr_line' id='line_1_29' title="bbox 95 2955 1705 3039; baseline 0.004 -31"><span class='ocrx_word' id='word_1_362' title='bbox 95 2976 196 3019; x_wconf 67' lang='lat' dir='ltr'><strong>centum</strong></span> <span class='ocrx_word' id='word_1_363' title='bbox 214 2978 241 3019; x_wconf 66' lang='lat' dir='ltr'><strong>et</strong></span> <span class='ocrx_word' id='word_1_364' title='bbox 262 2966 368 3031; x_wconf 65' lang='lat' dir='ltr'><strong>decom,</strong></span> <span class='ocrx_word' id='word_1_365' title='bbox 384 2970 595 3038; x_wconf 69' lang='lat' dir='ltr'><strong>promontorium</strong></span> <span class='ocrx_word' id='word_1_366' title='bbox 610 2968 688 3021; x_wconf 70' lang='lat' dir='ltr'><strong>situm</strong></span> <span class='ocrx_word' id='word_1_367' title='bbox 709 2978 748 3021; x_wconf 65' lang='lat' dir='ltr'><strong>est</strong></span> <span class='ocrx_word' id='word_1_368' title='bbox 767 2966 877 3039; x_wconf 69' lang='lat' dir='ltr'><strong>appello.</strong></span> <span class='ocrx_word' id='word_1_369' title='bbox 921 2955 967 3009; x_wconf 68' lang='lat' dir='ltr'><strong>sed</strong></span> <span class='ocrx_word' id='word_1_370' title='bbox 998 2957 1208 3028; x_wconf 65' lang='lat' dir='ltr'><strong>nusquam-circa</strong></span> <span class='ocrx_word' id='word_1_371' title='bbox 1234 2959 1387 3029; x_wconf 64' lang='lat' dir='ltr'><strong>Byzantium</strong></span> <span class='ocrx_word' id='word_1_372' title='bbox 1412 2970 1483 3013; x_wconf 69' lang='lat' dir='ltr'><strong>18an</strong></span> <span class='ocrx_word' id='word_1_373' title='bbox 1505 2959 1557 3013; x_wconf 83' lang='lat' dir='ltr'><strong>cibi</strong></span> <span class='ocrx_word' id='word_1_374' title='bbox 1588 2958 1705 3014; x_wconf 64' lang='lat' dir='ltr'><strong>bonitale</strong></span> 
     </span>
     <span class='ocr_line' id='line_1_30' title="bbox 95 3046 1705 3125; baseline 0.002 -21"><span class='ocrx_word' id='word_1_375' title='bbox 95 3063 148 3105; x_wconf 78' lang='lat' dir='ltr'><strong>rum</strong></span> <span class='ocrx_word' id='word_1_376' title='bbox 161 3052 253 3124; x_wconf 74' lang='lat' dir='ltr'><strong>Hyris,</strong></span> <span class='ocrx_word' id='word_1_377' title='bbox 269 3064 296 3106; x_wconf 84' lang='lat' dir='ltr'><strong>et</strong></span> <span class='ocrx_word' id='word_1_378' title='bbox 310 3054 466 3108; x_wconf 79' lang='lat' dir='ltr'><strong>insutahuic</strong></span> <span class='ocrx_word' id='word_1_379' title='bbox 480 3053 603 3125; x_wconf 77' lang='lat' dir='ltr'><strong>objicitur</strong></span> <span class='ocrx_word' id='word_1_380' title='bbox 616 3054 746 3125; x_wconf 80' lang='lat' dir='ltr'><strong>Pityodes,</strong></span> <span class='ocrx_word' id='word_1_381' title='bbox 760 3064 785 3108; x_wconf 85' lang='lat' dir='ltr'><strong>et</strong></span> <span class='ocrx_word' id='word_1_382' title='bbox 799 3054 878 3107; x_wconf 81' lang='lat' dir='ltr'><strong>attera</strong></span> <span class='ocrx_word' id='word_1_383' title='bbox 922 3055 1013 3098; x_wconf 72' lang='lat' dir='ltr'><strong>ostrea</strong></span> <span class='ocrx_word' id='word_1_384' title='bbox 1036 3047 1174 3117; x_wconf 79' lang='lat' dir='ltr'><strong>capiuntur</strong></span> <span class='ocrx_word' id='word_1_385' title='bbox 1193 3064 1273 3116; x_wconf 81' lang='lat' dir='ltr'><strong>qmm</strong></span> <span class='ocrx_word' id='word_1_386' title='bbox 1291 3048 1390 3099; x_wconf 81' lang='lat' dir='ltr'><strong>circum</strong></span> <span class='ocrx_word' id='word_1_387' title='bbox 1412 3046 1481 3100; x_wconf 78' lang='lat' dir='ltr'><strong>hane</strong></span> <span class='ocrx_word' id='word_1_388' title='bbox 1503 3047 1623 3103; x_wconf 69' lang='lat' dir='ltr'><strong>insutum.</strong></span> <span class='ocrx_word' id='word_1_389' title='bbox 1662 3049 1705 3104; x_wconf 72' lang='lat' dir='ltr'><strong>Ab</strong></span> 
     </span>
     <span class='ocr_line' id='line_1_31' title="bbox 95 3133 1701 3211; baseline 0 -22"><span class='ocrx_word' id='word_1_390' title='bbox 95 3139 175 3191; x_wconf 84' lang='lat' dir='ltr'><strong>insula</strong></span> <span class='ocrx_word' id='word_1_391' title='bbox 186 3141 322 3192; x_wconf 84' lang='lat' dir='ltr'><strong>nominata</strong></span> <span class='ocrx_word' id='word_1_392' title='bbox 334 3138 454 3193; x_wconf 85' lang='lat' dir='ltr'><strong>Chalcitis</strong></span> <span class='ocrx_word' id='word_1_393' title='bbox 468 3152 494 3193; x_wconf 88' lang='lat' dir='ltr'><strong>et</strong></span> <span class='ocrx_word' id='word_1_394' title='bbox 507 3140 556 3193; x_wconf 86' lang='lat' dir='ltr'><strong>alia</strong></span> <span class='ocrx_word' id='word_1_395' title='bbox 567 3143 646 3195; x_wconf 87' lang='lat' dir='ltr'><strong>Prota</strong></span> <span class='ocrx_word' id='word_1_396' title='bbox 658 3140 764 3203; x_wconf 71' lang='lat' dir='ltr'><strong>dietae</strong></span> <span class='ocrx_word' id='word_1_397' title='bbox 777 3158 830 3211; x_wconf 89' lang='lat' dir='ltr'><strong>qua</strong></span> <span class='ocrx_word' id='word_1_398' title='bbox 844 3140 876 3192; x_wconf 90' lang='lat' dir='ltr'><strong>ad</strong></span> <span class='ocrx_word' id='word_1_399' title='bbox 922 3134 974 3187; x_wconf 81' lang='lat' dir='ltr'><strong>heo</strong></span> <span class='ocrx_word' id='word_1_400' title='bbox 984 3150 1039 3185; x_wconf 87' lang='lat' dir='ltr'><strong>oon</strong></span> <span class='ocrx_word' id='word_1_401' title='bbox 1052 3133 1178 3203; x_wconf 84' lang='lat' dir='ltr'><strong>longeest</strong></span> <span class='ocrx_word' id='word_1_402' title='bbox 1190 3135 1384 3205; x_wconf 75' lang='lat' dir='ltr'><strong>Platyninsula,</strong></span> <span class='ocrx_word' id='word_1_403' title='bbox 1398 3134 1505 3191; x_wconf 81' lang='lat' dir='ltr'><strong>humilis</strong></span> <span class='ocrx_word' id='word_1_404' title='bbox 1514 3144 1542 3189; x_wconf 88' lang='lat' dir='ltr'><strong>et</strong></span> <span class='ocrx_word' id='word_1_405' title='bbox 1551 3135 1605 3189; x_wconf 79' lang='lat' dir='ltr'><strong>lere</strong></span> <span class='ocrx_word' id='word_1_406' title='bbox 1614 3135 1701 3207; x_wconf 79' lang='lat' dir='ltr'><strong>ploos.</strong></span> 
     </span>
    </p>
   </div>
   <div class='ocr_carea' id='block_1_4' title="bbox 91 2573 873 2735">
    <p class='ocr_par' dir='ltr' id='par_1_4' title="bbox 91 2573 873 2735">
     <span class='ocr_line' id='line_1_32' title="bbox 91 2573 873 2644; baseline 0.003 -17"><span class='ocrx_word' id='word_1_407' title='bbox 91 2575 153 2628; x_wconf 82' lang='lat' dir='ltr'><strong>XII.</strong></span> <span class='ocrx_word' id='word_1_408' title='bbox 171 2579 210 2628; x_wconf 79' lang='lat' dir='ltr'><strong>De</strong></span> <span class='ocrx_word' id='word_1_409' title='bbox 225 2573 321 2628; x_wconf 83' lang='lat' dir='ltr'><strong>insulis</strong></span> <span class='ocrx_word' id='word_1_410' title='bbox 334 2574 492 2628; x_wconf 82' lang='lat' dir='ltr'><strong>suburbanis</strong></span> <span class='ocrx_word' id='word_1_411' title='bbox 512 2574 634 2644; x_wconf 73' lang='lat' dir='ltr'><strong>Byzantii</strong></span> <span class='ocrx_word' id='word_1_412' title='bbox 649 2585 675 2627; x_wconf 86' lang='lat' dir='ltr'><strong>et</strong></span> <span class='ocrx_word' id='word_1_413' title='bbox 690 2574 873 2638; x_wconf 78' lang='lat' dir='ltr'><strong>Chalcedonis,</strong></span> 
     </span>
     <span class='ocr_line' id='line_1_33' title="bbox 151 2660 812 2735; baseline 0.008 -22"><span class='ocrx_word' id='word_1_414' title='bbox 151 2661 305 2735; x_wconf 75' lang='lat' dir='ltr'><strong>reprimam</strong></span> <span class='ocrx_word' id='word_1_415' title='bbox 317 2661 349 2714; x_wconf 84' lang='lat' dir='ltr'><strong>de</strong></span> <span class='ocrx_word' id='word_1_416' title='bbox 364 2661 451 2715; x_wconf 86' lang='lat' dir='ltr'><strong>insula</strong></span> <span class='ocrx_word' id='word_1_417' title='bbox 466 2665 549 2714; x_wconf 78' lang='lat' dir='ltr'><strong>Penta</strong></span> <span class='ocrx_word' id='word_1_418' title='bbox 562 2673 588 2714; x_wconf 84' lang='lat' dir='ltr'><strong>et</strong></span> <span class='ocrx_word' id='word_1_419' title='bbox 605 2660 676 2714; x_wconf 71' lang='lat' dir='ltr'><strong>Onia</strong></span> <span class='ocrx_word' id='word_1_420' title='bbox 688 2672 713 2714; x_wconf 77' lang='lat' dir='ltr'><strong>et</strong></span> <span class='ocrx_word' id='word_1_421' title='bbox 724 2661 812 2732; x_wconf 83' lang='lat' dir='ltr'><strong>Platy.</strong></span> 
     </span>
    </p>
   </div>
   <div class='ocr_carea' id='block_1_5' title="bbox 47 3328 1703 5437">
    <p class='ocr_par' dir='ltr' id='par_1_5' title="bbox 47 3328 1703 5369">
     <span class='ocr_line' id='line_1_34' title="bbox 96 3328 1703 3403; baseline 0.002 -22"><span class='ocrx_word' id='word_1_422' title='bbox 96 3329 158 3385; x_wconf 86' lang='lat' dir='ltr'><strong>illud</strong></span> <span class='ocrx_word' id='word_1_423' title='bbox 178 3348 236 3383; x_wconf 67' lang='lat' dir='ltr'><strong>mse</strong></span> <span class='ocrx_word' id='word_1_424' title='bbox 255 3330 335 3385; x_wconf 88' lang='lat' dir='ltr'><strong>debet</strong></span> <span class='ocrx_word' id='word_1_425' title='bbox 354 3334 566 3403; x_wconf 81' lang='lat' dir='ltr'><strong>promontorium</strong></span> <span class='ocrx_word' id='word_1_426' title='bbox 586 3332 657 3402; x_wconf 91' lang='lat' dir='ltr'><strong>quod</strong></span> <span class='ocrx_word' id='word_1_427' title='bbox 679 3332 824 3403; x_wconf 60' lang='lat' dir='ltr'><strong>peninsula„</strong></span> <span class='ocrx_word' id='word_1_428' title='bbox 841 3330 873 3384; x_wconf 86' lang='lat' dir='ltr'><strong>ad</strong></span> <span class='ocrx_word' id='word_1_429' title='bbox 906 3346 1016 3383; x_wconf 45' lang='lat' dir='ltr'><strong>,meum</strong></span> <span class='ocrx_word' id='word_1_430' title='bbox 1036 3330 1109 3382; x_wconf 88' lang='lat' dir='ltr'><strong>sinus</strong></span> <span class='ocrx_word' id='word_1_431' title='bbox 1128 3330 1248 3381; x_wconf 74' lang='lat' dir='ltr'><strong>Asmoeni</strong></span> <span class='ocrx_word' id='word_1_432' title='bbox 1268 3328 1372 3381; x_wconf 92' lang='lat' dir='ltr'><strong>initium</strong></span> <span class='ocrx_word' id='word_1_433' title='bbox 1394 3329 1516 3381; x_wconf 84' lang='lat' dir='ltr'><strong>sumsisse</strong></span> <span class='ocrx_word' id='word_1_434' title='bbox 1538 3328 1572 3381; x_wconf 82' lang='lat' dir='ltr'><strong>ab</strong></span> <span class='ocrx_word' id='word_1_435' title='bbox 1592 3346 1625 3382; x_wconf 89' lang='lat' dir='ltr'><strong>eo</strong></span> <span class='ocrx_word' id='word_1_436' title='bbox 1644 3328 1703 3385; x_wconf 86' lang='lat' dir='ltr'><strong>loon</strong></span> 
     </span>
     <span class='ocr_line' id='line_1_35' title="bbox 94 3406 1703 3481; baseline -0.001 -18"><span class='ocrx_word' id='word_1_437' title='bbox 94 3408 243 3463; x_wconf 74' lang='lat' dir='ltr'><strong>laodamia</strong></span> <span class='ocrx_word' id='word_1_438' title='bbox 256 3426 329 3463; x_wconf 88' lang='lat' dir='ltr'><strong>mare</strong></span> <span class='ocrx_word' id='word_1_439' title='bbox 339 3408 484 3481; x_wconf 83' lang='lat' dir='ltr'><strong>projectum</strong></span> <span class='ocrx_word' id='word_1_440' title='bbox 495 3410 573 3463; x_wconf 83' lang='lat' dir='ltr'><strong>bodie</strong></span> <span class='ocrx_word' id='word_1_441' title='bbox 586 3420 693 3463; x_wconf 85' lang='lat' dir='ltr'><strong>rooatnr</strong></span> <span class='ocrx_word' id='word_1_442' title='bbox 706 3410 803 3464; x_wconf 85' lang='lat' dir='ltr'><strong>Toazla</strong></span> <span class='ocrx_word' id='word_1_443' title='bbox 813 3410 875 3463; x_wconf 80' lang='lat' dir='ltr'><strong>hoa·</strong></span> <span class='ocrx_word' id='word_1_444' title='bbox 920 3410 965 3479; x_wconf 89' lang='lat' dir='ltr'><strong>qui</strong></span> <span class='ocrx_word' id='word_1_445' title='bbox 982 3410 1078 3462; x_wconf 77' lang='lat' dir='ltr'><strong>Acritas</strong></span> <span class='ocrx_word' id='word_1_446' title='bbox 1097 3409 1281 3479; x_wconf 87' lang='lat' dir='ltr'><strong>promontorio</strong></span> <span class='ocrx_word' id='word_1_447' title='bbox 1298 3424 1331 3459; x_wconf 81' lang='lat' dir='ltr'><strong>ex</strong></span> <span class='ocrx_word' id='word_1_448' title='bbox 1347 3409 1473 3478; x_wconf 87' lang='lat' dir='ltr'><strong>Menippo</strong></span> <span class='ocrx_word' id='word_1_449' title='bbox 1492 3416 1518 3460; x_wconf 89' lang='lat' dir='ltr'><strong>et</strong></span> <span class='ocrx_word' id='word_1_450' title='bbox 1533 3406 1703 3463; x_wconf 76' lang='lat' dir='ltr'><strong>Artemidoro</strong></span> 
     </span>
     <span class='ocr_line' id='line_1_36' title="bbox 92 3486 1701 3559; baseline 0.002 -22"><span class='ocrx_word' id='word_1_451' title='bbox 92 3504 182 3539; x_wconf 73' lang='lat' dir='ltr'><strong>torma</strong></span> <span class='ocrx_word' id='word_1_452' title='bbox 198 3487 298 3540; x_wconf 73' lang='lat' dir='ltr'><strong>route</strong></span> <span class='ocrx_word' id='word_1_453' title='bbox 311 3490 369 3541; x_wconf 84' lang='lat' dir='ltr'><strong>riou</strong></span> <span class='ocrx_word' id='word_1_454' title='bbox 379 3490 538 3559; x_wconf 65' lang='lat' dir='ltr'><strong>propinquo.</strong></span> <span class='ocrx_word' id='word_1_455' title='bbox 546 3490 605 3541; x_wconf 85' lang='lat' dir='ltr'><strong>Noa</strong></span> <span class='ocrx_word' id='word_1_456' title='bbox 619 3490 654 3541; x_wconf 87' lang='lat' dir='ltr'><strong>ita</strong></span> <span class='ocrx_word' id='word_1_457' title='bbox 666 3488 764 3557; x_wconf 81' lang='lat' dir='ltr'><strong>longae</strong></span> <span class='ocrx_word' id='word_1_458' title='bbox 778 3488 875 3543; x_wconf 78' lang='lat' dir='ltr'><strong>Toranio</strong></span> <span class='ocrx_word' id='word_1_459' title='bbox 919 3486 1390 3558; x_wconf 75' lang='lat' dir='ltr'><strong>assignandusest;1iiepertumvero</strong></span> <span class='ocrx_word' id='word_1_460' title='bbox 1398 3497 1471 3540; x_wconf 89' lang='lat' dir='ltr'><strong>tanto</strong></span> <span class='ocrx_word' id='word_1_461' title='bbox 1479 3488 1567 3540; x_wconf 88' lang='lat' dir='ltr'><strong>minus</strong></span> <span class='ocrx_word' id='word_1_462' title='bbox 1575 3486 1701 3559; x_wconf 85' lang='lat' dir='ltr'><strong>probave-</strong></span> 
     </span>
     <span class='ocr_line' id='line_1_37' title="bbox 93 3564 1702 3637; baseline 0.002 -21"><span class='ocrx_word' id='word_1_463' title='bbox 93 3564 155 3617; x_wconf 86' lang='lat' dir='ltr'><strong>alina</strong></span> <span class='ocrx_word' id='word_1_464' title='bbox 173 3576 263 3619; x_wconf 78' lang='lat' dir='ltr'><strong>exstat</strong></span> <span class='ocrx_word' id='word_1_465' title='bbox 285 3566 359 3619; x_wconf 84' lang='lat' dir='ltr'><strong>loeus</strong></span> <span class='ocrx_word' id='word_1_466' title='bbox 377 3570 428 3619; x_wconf 80' lang='lat' dir='ltr'><strong>Yos</strong></span> <span class='ocrx_word' id='word_1_467' title='bbox 450 3567 498 3619; x_wconf 81' lang='lat' dir='ltr'><strong>i&#39;ni</strong></span> <span class='ocrx_word' id='word_1_468' title='bbox 517 3567 618 3631; x_wconf 89' lang='lat' dir='ltr'><strong>dictus,</strong></span> <span class='ocrx_word' id='word_1_469' title='bbox 641 3584 702 3619; x_wconf 88' lang='lat' dir='ltr'><strong>cum</strong></span> <span class='ocrx_word' id='word_1_470' title='bbox 723 3585 777 3637; x_wconf 88' lang='lat' dir='ltr'><strong>quo</strong></span> <span class='ocrx_word' id='word_1_471' title='bbox 796 3568 874 3637; x_wconf 88' lang='lat' dir='ltr'><strong>iiyris</strong></span> <span class='ocrx_word' id='word_1_472' title='bbox 919 3568 965 3630; x_wconf 86' lang='lat' dir='ltr'><strong>ris,</strong></span> <span class='ocrx_word' id='word_1_473' title='bbox 980 3584 1063 3637; x_wconf 90' lang='lat' dir='ltr'><strong>quum</strong></span> <span class='ocrx_word' id='word_1_474' title='bbox 1076 3584 1130 3619; x_wconf 75' lang='lat' dir='ltr'><strong>sna:</strong></span> <span class='ocrx_word' id='word_1_475' title='bbox 1143 3567 1275 3637; x_wconf 89' lang='lat' dir='ltr'><strong>opinionis</strong></span> <span class='ocrx_word' id='word_1_476' title='bbox 1285 3566 1311 3617; x_wconf 93' lang='lat' dir='ltr'><strong>in</strong></span> <span class='ocrx_word' id='word_1_477' title='bbox 1324 3566 1434 3633; x_wconf 87' lang='lat' dir='ltr'><strong>gratiam</strong></span> <span class='ocrx_word' id='word_1_478' title='bbox 1445 3567 1540 3619; x_wconf 88' lang='lat' dir='ltr'><strong>seriem</strong></span> <span class='ocrx_word' id='word_1_479' title='bbox 1555 3566 1702 3620; x_wconf 85' lang='lat' dir='ltr'><strong>locornma</strong></span> 
     </span>
     <span class='ocr_line' id='line_1_38' title="bbox 92 3644 1703 3717; baseline 0.001 -20"><span class='ocrx_word' id='word_1_480' title='bbox 92 3645 268 3711; x_wconf 85' lang='lat' dir='ltr'><strong>promontorii</strong></span> <span class='ocrx_word' id='word_1_481' title='bbox 294 3662 393 3699; x_wconf 71' lang='lat' dir='ltr'><strong>neuen</strong></span> <span class='ocrx_word' id='word_1_482' title='bbox 414 3645 627 3716; x_wconf 76' lang='lat' dir='ltr'><strong>componendum</strong></span> <span class='ocrx_word' id='word_1_483' title='bbox 655 3664 711 3699; x_wconf 86' lang='lat' dir='ltr'><strong>esso</strong></span> <span class='ocrx_word' id='word_1_484' title='bbox 733 3644 813 3698; x_wconf 89' lang='lat' dir='ltr'><strong>lacilis</strong></span> <span class='ocrx_word' id='word_1_485' title='bbox 835 3656 874 3698; x_wconf 92' lang='lat' dir='ltr'><strong>est</strong></span> <span class='ocrx_word' id='word_1_486' title='bbox 920 3646 1058 3699; x_wconf 80' lang='lat' dir='ltr'><strong>Ptolemaeo</strong></span> <span class='ocrx_word' id='word_1_487' title='bbox 1069 3645 1191 3698; x_wconf 85' lang='lat' dir='ltr'><strong>traditam</strong></span> <span class='ocrx_word' id='word_1_488' title='bbox 1206 3644 1354 3697; x_wconf 83' lang='lat' dir='ltr'><strong>mutaverit.</strong></span> <span class='ocrx_word' id='word_1_489' title='bbox 1370 3645 1631 3697; x_wconf 89' lang='lat' dir='ltr'><strong>-Promontorinm</strong></span> <span class='ocrx_word' id='word_1_490' title='bbox 1641 3645 1703 3717; x_wconf 82' lang='lat' dir='ltr'><strong>Gyl-</strong></span> 
     </span>
     <span class='ocr_line' id='line_1_39' title="bbox 92 3720 1700 3796; baseline 0.002 -22"><span class='ocrx_word' id='word_1_491' title='bbox 92 3723 253 3791; x_wconf 78' lang='lat' dir='ltr'><strong>rony&#39;ertnra.</strong></span> <span class='ocrx_word' id='word_1_492' title='bbox 273 3723 396 3794; x_wconf 83' lang='lat' dir='ltr'><strong>Pityodes</strong></span> <span class='ocrx_word' id='word_1_493' title='bbox 414 3724 497 3777; x_wconf 89' lang='lat' dir='ltr'><strong>insula</strong></span> <span class='ocrx_word' id='word_1_494' title='bbox 512 3724 563 3795; x_wconf 85' lang='lat' dir='ltr'><strong>(ile</strong></span> <span class='ocrx_word' id='word_1_495' title='bbox 577 3722 739 3796; x_wconf 76' lang='lat' dir='ltr'><strong>Prinkipos)</strong></span> <span class='ocrx_word' id='word_1_496' title='bbox 751 3742 804 3777; x_wconf 90' lang='lat' dir='ltr'><strong>non</strong></span> <span class='ocrx_word' id='word_1_497' title='bbox 826 3726 873 3795; x_wconf 91' lang='lat' dir='ltr'><strong>ipsi</strong></span> <span class='ocrx_word' id='word_1_498' title='bbox 920 3720 946 3776; x_wconf 87' lang='lat' dir='ltr'><strong>tit</strong></span> <span class='ocrx_word' id='word_1_499' title='bbox 958 3732 1033 3776; x_wconf 84' lang='lat' dir='ltr'><strong>aetate</strong></span> <span class='ocrx_word' id='word_1_500' title='bbox 1044 3723 1192 3776; x_wconf 85' lang='lat' dir='ltr'><strong>Zarirrinm</strong></span> <span class='ocrx_word' id='word_1_501' title='bbox 1209 3732 1390 3793; x_wconf 89' lang='lat' dir='ltr'><strong>nuncupatum</strong></span> <span class='ocrx_word' id='word_1_502' title='bbox 1404 3739 1519 3791; x_wconf 86' lang='lat' dir='ltr'><strong>quonam</strong></span> <span class='ocrx_word' id='word_1_503' title='bbox 1535 3724 1700 3792; x_wconf 85' lang='lat' dir='ltr'><strong>potissimum</strong></span> 
     </span>
     <span class='ocr_line' id='line_1_40' title="bbox 93 3800 1701 3872; baseline 0 -17"><span class='ocrx_word' id='word_1_504' title='bbox 93 3800 198 3868; x_wconf 81' lang='lat' dir='ltr'><strong>quidem</strong></span> <span class='ocrx_word' id='word_1_505' title='bbox 207 3804 393 3872; x_wconf 87' lang='lat' dir='ltr'><strong>promontorio</strong></span> <span class='ocrx_word' id='word_1_506' title='bbox 404 3802 512 3871; x_wconf 73' lang='lat' dir='ltr'><strong>adjacet,</strong></span> <span class='ocrx_word' id='word_1_507' title='bbox 523 3813 637 3856; x_wconf 90' lang='lat' dir='ltr'><strong>attamen</strong></span> <span class='ocrx_word' id='word_1_508' title='bbox 650 3821 681 3855; x_wconf 83' lang='lat' dir='ltr'><strong>en</strong></span> <span class='ocrx_word' id='word_1_509' title='bbox 694 3802 784 3855; x_wconf 88' lang='lat' dir='ltr'><strong>insulis</strong></span> <span class='ocrx_word' id='word_1_510' title='bbox 796 3801 874 3871; x_wconf 83' lang='lat' dir='ltr'><strong>hujus</strong></span> <span class='ocrx_word' id='word_1_511' title='bbox 919 3800 978 3854; x_wconf 89' lang='lat' dir='ltr'><strong>looo</strong></span> <span class='ocrx_word' id='word_1_512' title='bbox 989 3802 1078 3866; x_wconf 80' lang='lat' dir='ltr'><strong>luerit,</strong></span> <span class='ocrx_word' id='word_1_513' title='bbox 1094 3800 1181 3853; x_wconf 86' lang='lat' dir='ltr'><strong>dicere</strong></span> <span class='ocrx_word' id='word_1_514' title='bbox 1196 3818 1249 3853; x_wconf 90' lang='lat' dir='ltr'><strong>noo</strong></span> <span class='ocrx_word' id='word_1_515' title='bbox 1262 3800 1362 3865; x_wconf 75' lang='lat' dir='ltr'><strong>habeo3</strong></span> <span class='ocrx_word' id='word_1_516' title='bbox 1374 3802 1493 3871; x_wconf 87' lang='lat' dir='ltr'><strong>suspicor</strong></span> <span class='ocrx_word' id='word_1_517' title='bbox 1501 3812 1589 3854; x_wconf 90' lang='lat' dir='ltr'><strong>antem</strong></span> <span class='ocrx_word' id='word_1_518' title='bbox 1601 3800 1634 3854; x_wconf 86' lang='lat' dir='ltr'><strong>ad</strong></span> <span class='ocrx_word' id='word_1_519' title='bbox 1645 3801 1701 3871; x_wconf 89' lang='lat' dir='ltr'><strong>ejus</strong></span> 
     </span>
     <span class='ocr_line' id='line_1_41' title="bbox 47 3879 1700 3953; baseline 0.002 -22"><span class='ocrx_word' id='word_1_520' title='bbox 47 3908 54 3924; x_wconf 89' lang='lat'><strong>·</strong></span> <span class='ocrx_word' id='word_1_521' title='bbox 93 3890 188 3935; x_wconf 83' lang='lat' dir='ltr'><strong>tractus</strong></span> <span class='ocrx_word' id='word_1_522' title='bbox 199 3882 224 3933; x_wconf 89' lang='lat' dir='ltr'><strong>ei</strong></span> <span class='ocrx_word' id='word_1_523' title='bbox 237 3882 359 3951; x_wconf 82' lang='lat' dir='ltr'><strong>proxima</strong></span> <span class='ocrx_word' id='word_1_524' title='bbox 373 3892 421 3933; x_wconf 82' lang='lat' dir='ltr'><strong>est.</strong></span> <span class='ocrx_word' id='word_1_525' title='bbox 435 3881 587 3937; x_wconf 64' lang='lat' dir='ltr'><strong>accuratius</strong></span> <span class='ocrx_word' id='word_1_526' title='bbox 600 3882 679 3933; x_wconf 82' lang='lat' dir='ltr'><strong>situm</strong></span> <span class='ocrx_word' id='word_1_527' title='bbox 693 3882 810 3935; x_wconf 86' lang='lat' dir='ltr'><strong>locorum</strong></span> <span class='ocrx_word' id='word_1_528' title='bbox 823 3884 874 3935; x_wconf 80' lang='lat' dir='ltr'><strong>Ar·</strong></span> <span class='ocrx_word' id='word_1_529' title='bbox 919 3884 1051 3953; x_wconf 78' lang='lat' dir='ltr'><strong>regionem</strong></span> <span class='ocrx_word' id='word_1_530' title='bbox 1068 3883 1198 3952; x_wconf 87' lang='lat' dir='ltr'><strong>pertinere</strong></span> <span class='ocrx_word' id='word_1_531' title='bbox 1210 3879 1253 3947; x_wconf 77' lang='grc' dir='ltr'>τὴν</span> <span class='ocrx_word' id='word_1_532' title='bbox 1267 3880 1363 3950; x_wconf 64' lang='lat' dir='ltr'><strong>liparo</strong></span> <span class='ocrx_word' id='word_1_533' title='bbox 1381 3881 1482 3951; x_wconf 70' lang='grc' dir='ltr'>κρήνην,</span> <span class='ocrx_word' id='word_1_534' title='bbox 1496 3898 1576 3951; x_wconf 87' lang='lat' dir='ltr'><strong>quam</strong></span> <span class='ocrx_word' id='word_1_535' title='bbox 1592 3881 1700 3951; x_wconf 88' lang='lat' dir='ltr'><strong>Stepha-</strong></span> 
     </span>
     <span class='ocr_line' id='line_1_42' title="bbox 93 3952 1698 4030; baseline 0.001 -21"><span class='ocrx_word' id='word_1_536' title='bbox 93 3958 239 4011; x_wconf 85' lang='lat' dir='ltr'><strong>teruidorus</strong></span> <span class='ocrx_word' id='word_1_537' title='bbox 250 3958 398 4023; x_wconf 74' lang='lat' dir='ltr'><strong>inditasset,</strong></span> <span class='ocrx_word' id='word_1_538' title='bbox 410 3962 430 4013; x_wconf 88' lang='lat' dir='ltr'><strong>si</strong></span> <span class='ocrx_word' id='word_1_539' title='bbox 441 3960 576 4030; x_wconf 87' lang='lat' dir='ltr'><strong>Pityodem</strong></span> <span class='ocrx_word' id='word_1_540' title='bbox 588 3960 698 4013; x_wconf 84' lang='lat' dir='ltr'><strong>insulam</strong></span> <span class='ocrx_word' id='word_1_541' title='bbox 710 3978 771 4012; x_wconf 85' lang='lat' dir='ltr'><strong>cnm</strong></span> <span class='ocrx_word' id='word_1_542' title='bbox 781 3962 874 4013; x_wconf 77' lang='lat' dir='ltr'><strong>Acritas</strong></span> <span class='ocrx_word' id='word_1_543' title='bbox 920 3952 969 4013; x_wconf 82' lang='lat' dir='ltr'><strong>nus</strong></span> <span class='ocrx_word' id='word_1_544' title='bbox 987 3978 1009 4013; x_wconf 89' lang='lat' dir='ltr'><strong>s.</strong></span> <span class='ocrx_word' id='word_1_545' title='bbox 1026 3959 1053 4012; x_wconf 88' lang='lat' dir='ltr'><strong>h.</strong></span> <span class='ocrx_word' id='word_1_546' title='bbox 1069 3978 1093 4012; x_wconf 90' lang='grc' dir='ltr'>ν.</span> <span class='ocrx_word' id='word_1_547' title='bbox 1110 3978 1165 4011; x_wconf 88' lang='lat' dir='ltr'><strong>esse</strong></span> <span class='ocrx_word' id='word_1_548' title='bbox 1182 3960 1218 4012; x_wconf 86' lang='lat' dir='ltr'><strong>ait</strong></span> <span class='ocrx_word' id='word_1_549' title='bbox 1231 3958 1289 4029; x_wconf 72' lang='lat' dir='ltr'><strong>&#39;arip</strong></span> <span class='ocrx_word' id='word_1_550' title='bbox 1309 3962 1352 4026; x_wconf 81' lang='grc' dir='ltr'><strong>τῆς</strong></span> <span class='ocrx_word' id='word_1_551' title='bbox 1370 3958 1541 4028; x_wconf 73' lang='grc' dir='ltr'>Καλχηδονίας</span> <span class='ocrx_word' id='word_1_552' title='bbox 1561 3958 1698 4025; x_wconf 77' lang='grc' dir='ltr'>θαλάσσης,</span> 
     </span>
     <span class='ocr_line' id='line_1_43' title="bbox 92 4036 1701 4109; baseline 0.002 -21"><span class='ocrx_word' id='word_1_553' title='bbox 92 4038 270 4104; x_wconf 84' lang='lat' dir='ltr'><strong>promontorii</strong></span> <span class='ocrx_word' id='word_1_554' title='bbox 282 4039 414 4091; x_wconf 82' lang='lat' dir='ltr'><strong>mentione</strong></span> <span class='ocrx_word' id='word_1_555' title='bbox 424 4037 565 4107; x_wconf 78' lang='lat' dir='ltr'><strong>junxisset3</strong></span> <span class='ocrx_word' id='word_1_556' title='bbox 578 4056 638 4092; x_wconf 87' lang='lat' dir='ltr'><strong>nam</strong></span> <span class='ocrx_word' id='word_1_557' title='bbox 651 4040 742 4091; x_wconf 77' lang='lat' dir='ltr'><strong>Acritae</strong></span> <span class='ocrx_word' id='word_1_558' title='bbox 754 4040 874 4109; x_wconf 81' lang='lat' dir='ltr'><strong>proxima</strong></span> <span class='ocrx_word' id='word_1_559' title='bbox 920 4038 1019 4109; x_wconf 62' lang='grc' dir='ltr'>μικροὺς</span> <span class='ocrx_word' id='word_1_560' title='bbox 1035 4039 1165 4107; x_wconf 70' lang='grc' dir='ltr'>τρέρονοαν</span> <span class='ocrx_word' id='word_1_561' title='bbox 1184 4037 1351 4107; x_wconf 77' lang='grc' dir='ltr'>κρονοδενλονς</span> <span class='ocrx_word' id='word_1_562' title='bbox 1366 4036 1539 4108; x_wconf 74' lang='lat' dir='ltr'><strong>(lacertarum</strong></span> <span class='ocrx_word' id='word_1_563' title='bbox 1556 4042 1658 4108; x_wconf 85' lang='lat' dir='ltr'><strong>genus)</strong></span> <span class='ocrx_word' id='word_1_564' title='bbox 1675 4040 1701 4091; x_wconf 82' lang='lat' dir='ltr'><strong>ol</strong></span> 
     </span>
     <span class='ocr_line' id='line_1_44' title="bbox 92 4114 1701 4188; baseline 0.002 -21"><span class='ocrx_word' id='word_1_565' title='bbox 92 4124 129 4167; x_wconf 75' lang='lat' dir='ltr'><strong>est</strong></span> <span class='ocrx_word' id='word_1_566' title='bbox 141 4114 242 4179; x_wconf 78' lang='lat' dir='ltr'><strong>insnh,</strong></span> <span class='ocrx_word' id='word_1_567' title='bbox 263 4114 330 4167; x_wconf 80' lang='lat' dir='ltr'><strong>aden</strong></span> <span class='ocrx_word' id='word_1_568' title='bbox 350 4126 380 4168; x_wconf 90' lang='lat' dir='ltr'><strong>ut</strong></span> <span class='ocrx_word' id='word_1_569' title='bbox 394 4118 488 4169; x_wconf 80' lang='lat' dir='ltr'><strong>Arritae</strong></span> <span class='ocrx_word' id='word_1_570' title='bbox 502 4134 598 4169; x_wconf 90' lang='lat' dir='ltr'><strong>nomen</strong></span> <span class='ocrx_word' id='word_1_571' title='bbox 612 4115 645 4169; x_wconf 86' lang='lat' dir='ltr'><strong>ad</strong></span> <span class='ocrx_word' id='word_1_572' title='bbox 668 4117 749 4187; x_wconf 81' lang='lat' dir='ltr'><strong>ipsam</strong></span> <span class='ocrx_word' id='word_1_573' title='bbox 763 4116 873 4169; x_wconf 83' lang='lat' dir='ltr'><strong>insulam</strong></span> <span class='ocrx_word' id='word_1_574' title='bbox 919 4118 1052 4170; x_wconf 72' lang='grc' dir='ltr'>καλοῦνται</span> <span class='ocrx_word' id='word_1_575' title='bbox 1073 4116 1192 4185; x_wconf 70' lang='lat' dir='ltr'><strong>(apirian</strong></span> <span class='ocrx_word' id='word_1_576' title='bbox 1208 4116 1336 4169; x_wconf 72' lang='lat' dir='ltr'><strong>Eundem</strong></span> <span class='ocrx_word' id='word_1_577' title='bbox 1355 4116 1455 4171; x_wconf 83' lang='lat' dir='ltr'><strong>iontem</strong></span> <span class='ocrx_word' id='word_1_578' title='bbox 1476 4114 1607 4188; x_wconf 76' lang='grc' dir='ltr'>Ἀζαρντίαν</span> <span class='ocrx_word' id='word_1_579' title='bbox 1626 4128 1701 4171; x_wconf 83' lang='lat' dir='ltr'><strong>vocat</strong></span> 
     </span>
     <span class='ocr_line' id='line_1_45' title="bbox 92 4192 1701 4266; baseline 0.005 -25"><span class='ocrx_word' id='word_1_580' title='bbox 92 4192 431 4261; x_wconf 76' lang='lat' dir='ltr'><strong>intabuhPentingerisna</strong></span> <span class='ocrx_word' id='word_1_581' title='bbox 441 4194 620 4247; x_wconf 73' lang='lat' dir='ltr'><strong>transferatur.</strong></span> <span class='ocrx_word' id='word_1_582' title='bbox 633 4194 790 4247; x_wconf 83' lang='lat' dir='ltr'><strong>Hammerns</strong></span> <span class='ocrx_word' id='word_1_583' title='bbox 801 4196 874 4247; x_wconf 78' lang='lat' dir='ltr'><strong>Acri·</strong></span> <span class='ocrx_word' id='word_1_584' title='bbox 919 4196 1013 4248; x_wconf 92' lang='lat' dir='ltr'><strong>Strabo</strong></span> <span class='ocrx_word' id='word_1_585' title='bbox 1039 4212 1066 4266; x_wconf 88' lang='lat' dir='ltr'><strong>p.</strong></span> <span class='ocrx_word' id='word_1_586' title='bbox 1086 4195 1151 4259; x_wconf 76' lang='lat'><strong>563,</strong></span> <span class='ocrx_word' id='word_1_587' title='bbox 1164 4196 1209 4265; x_wconf 84' lang='lat' dir='ltr'><strong>qui</strong></span> <span class='ocrx_word' id='word_1_588' title='bbox 1223 4196 1290 4247; x_wconf 89' lang='lat' dir='ltr'><strong>inter</strong></span> <span class='ocrx_word' id='word_1_589' title='bbox 1304 4193 1477 4248; x_wconf 80' lang='lat' dir='ltr'><strong>Chalcedonis</strong></span> <span class='ocrx_word' id='word_1_590' title='bbox 1490 4206 1516 4249; x_wconf 91' lang='lat' dir='ltr'><strong>et</strong></span> <span class='ocrx_word' id='word_1_591' title='bbox 1534 4196 1654 4249; x_wconf 72' lang='lat' dir='ltr'><strong>Astaceni</strong></span> <span class='ocrx_word' id='word_1_592' title='bbox 1668 4199 1701 4249; x_wconf 92' lang='lat' dir='ltr'><strong>si·</strong></span> 
     </span>
     <span class='ocr_line' id='line_1_46' title="bbox 91 4272 1701 4346; baseline 0.006 -25"><span class='ocrx_word' id='word_1_593' title='bbox 91 4280 143 4323; x_wconf 85' lang='lat' dir='ltr'><strong>tam</strong></span> <span class='ocrx_word' id='word_1_594' title='bbox 152 4288 197 4340; x_wconf 88' lang='lat' dir='ltr'><strong>pr.</strong></span> <span class='ocrx_word' id='word_1_595' title='bbox 208 4273 236 4323; x_wconf 90' lang='lat' dir='ltr'><strong>ia</strong></span> <span class='ocrx_word' id='word_1_596' title='bbox 247 4272 376 4323; x_wconf 88' lang='lat' dir='ltr'><strong>bodieroo</strong></span> <span class='ocrx_word' id='word_1_597' title='bbox 387 4274 590 4327; x_wconf 81' lang='lat' dir='ltr'><strong>Fenerbaurnou</strong></span> <span class='ocrx_word' id='word_1_598' title='bbox 598 4290 738 4341; x_wconf 83' lang='lat' dir='ltr'><strong>agnoscere</strong></span> <span class='ocrx_word' id='word_1_599' title='bbox 746 4272 794 4324; x_wconf 89' lang='lat' dir='ltr'><strong>sibi</strong></span> <span class='ocrx_word' id='word_1_600' title='bbox 805 4275 874 4325; x_wconf 82' lang='lat' dir='ltr'><strong>risus</strong></span> <span class='ocrx_word' id='word_1_601' title='bbox 919 4292 968 4327; x_wconf 88' lang='lat' dir='ltr'><strong>nos</strong></span> <span class='ocrx_word' id='word_1_602' title='bbox 981 4273 1141 4327; x_wconf 85' lang='lat' dir='ltr'><strong>mentionem</strong></span> <span class='ocrx_word' id='word_1_603' title='bbox 1151 4275 1245 4327; x_wconf 85' lang='lat' dir='ltr'><strong>inserit</strong></span> <span class='ocrx_word' id='word_1_604' title='bbox 1257 4274 1313 4327; x_wconf 77' lang='lat' dir='ltr'><strong>hac</strong></span> <span class='ocrx_word' id='word_1_605' title='bbox 1327 4291 1333 4326; x_wconf 79' lang='lat' dir='ltr'>z</span> <span class='ocrx_word' id='word_1_606' title='bbox 1347 4273 1400 4345; x_wconf 72' lang='grc' dir='ltr'><strong>ἔχει</strong></span> <span class='ocrx_word' id='word_1_607' title='bbox 1417 4274 1443 4327; x_wconf 77' lang='grc' dir='ltr'><strong>δὲ</strong></span> <span class='ocrx_word' id='word_1_608' title='bbox 1458 4273 1474 4341; x_wconf 76' lang='grc' dir='ltr'><strong>ἦ</strong></span> <span class='ocrx_word' id='word_1_609' title='bbox 1492 4277 1563 4346; x_wconf 74' lang='grc' dir='ltr'>χώρα</span> <span class='ocrx_word' id='word_1_610' title='bbox 1576 4275 1701 4341; x_wconf 75' lang='lat' dir='ltr'><strong>(matoe-</strong></span> 
     </span>
     <span class='ocr_line' id='line_1_47' title="bbox 91 4349 1698 4423; baseline 0.005 -24"><span class='ocrx_word' id='word_1_611' title='bbox 91 4361 137 4416; x_wconf 78' lang='lat' dir='ltr'><strong>rst‚</strong></span> <span class='ocrx_word' id='word_1_612' title='bbox 149 4366 312 4419; x_wconf 81' lang='lat' dir='ltr'><strong>quamquam</strong></span> <span class='ocrx_word' id='word_1_613' title='bbox 334 4349 361 4402; x_wconf 93' lang='lat' dir='ltr'><strong>id</strong></span> <span class='ocrx_word' id='word_1_614' title='bbox 375 4368 429 4403; x_wconf 91' lang='lat' dir='ltr'><strong>noo</strong></span> <span class='ocrx_word' id='word_1_615' title='bbox 443 4354 492 4414; x_wconf 88' lang='lat' dir='ltr'><strong>tio,</strong></span> <span class='ocrx_word' id='word_1_616' title='bbox 506 4350 580 4405; x_wconf 81' lang='lat' dir='ltr'><strong>tedii</strong></span> <span class='ocrx_word' id='word_1_617' title='bbox 598 4350 651 4405; x_wconf 81' lang='lat' dir='ltr'><strong>tere</strong></span> <span class='ocrx_word' id='word_1_618' title='bbox 665 4350 748 4404; x_wconf 87' lang='lat' dir='ltr'><strong>stadia</strong></span> <span class='ocrx_word' id='word_1_619' title='bbox 766 4368 781 4403; x_wconf 87' lang='lat' dir='ltr'><strong>a</strong></span> <span class='ocrx_word' id='word_1_620' title='bbox 798 4350 876 4403; x_wconf 80' lang='lat' dir='ltr'><strong>ctat·</strong></span> <span class='ocrx_word' id='word_1_621' title='bbox 918 4352 1076 4418; x_wconf 88' lang='lat' dir='ltr'><strong>doniorom)</strong></span> <span class='ocrx_word' id='word_1_622' title='bbox 1091 4352 1175 4422; x_wconf 73' lang='grc' dir='ltr'>μικρὸν</span> <span class='ocrx_word' id='word_1_623' title='bbox 1188 4352 1244 4423; x_wconf 78' lang='lat' dir='ltr'><strong>inip</strong></span> <span class='ocrx_word' id='word_1_624' title='bbox 1256 4356 1298 4417; x_wconf 83' lang='grc' dir='ltr'><strong>τῆς</strong></span> <span class='ocrx_word' id='word_1_625' title='bbox 1314 4353 1436 4422; x_wconf 71' lang='grc' dir='ltr'>θαλάττης</span> <span class='ocrx_word' id='word_1_626' title='bbox 1448 4352 1538 4423; x_wconf 71' lang='grc' dir='ltr'>κρήνην</span> <span class='ocrx_word' id='word_1_627' title='bbox 1554 4350 1698 4423; x_wconf 63' lang='lat' dir='ltr'><strong>bisontes,</strong></span> 
     </span>
     <span class='ocr_line' id='line_1_48' title="bbox 91 4428 1699 4503; baseline 0.001 -19"><span class='ocrx_word' id='word_1_628' title='bbox 91 4430 190 4484; x_wconf 76' lang='lat' dir='ltr'><strong>serlone</strong></span> <span class='ocrx_word' id='word_1_629' title='bbox 202 4432 292 4487; x_wconf 86' lang='lat' dir='ltr'><strong>distat.</strong></span> <span class='ocrx_word' id='word_1_630' title='bbox 302 4432 474 4485; x_wconf 81' lang='lat' dir='ltr'><strong>Hammerum</strong></span> <span class='ocrx_word' id='word_1_631' title='bbox 485 4444 584 4487; x_wconf 89' lang='lat' dir='ltr'><strong>temere</strong></span> <span class='ocrx_word' id='word_1_632' title='bbox 597 4444 701 4487; x_wconf 83' lang='lat' dir='ltr'><strong>secutus</strong></span> <span class='ocrx_word' id='word_1_633' title='bbox 711 4444 751 4486; x_wconf 91' lang='lat' dir='ltr'><strong>est</strong></span> <span class='ocrx_word' id='word_1_634' title='bbox 763 4435 874 4503; x_wconf 82' lang='lat' dir='ltr'><strong>Kieper·</strong></span> <span class='ocrx_word' id='word_1_635' title='bbox 918 4432 1050 4501; x_wconf 75' lang='grc' dir='ltr'>τρέφουσαν</span> <span class='ocrx_word' id='word_1_636' title='bbox 1060 4428 1227 4503; x_wconf 72' lang='grc' dir='ltr'>κροκοδείλους</span> <span class='ocrx_word' id='word_1_637' title='bbox 1238 4430 1344 4499; x_wconf 68' lang='grc' dir='ltr'>μικρούς.</span> <span class='ocrx_word' id='word_1_638' title='bbox 1356 4432 1387 4483; x_wconf 91' lang='lat' dir='ltr'><strong>In</strong></span> <span class='ocrx_word' id='word_1_639' title='bbox 1398 4432 1486 4501; x_wconf 77' lang='lat' dir='ltr'><strong>lapiei</strong></span> <span class='ocrx_word' id='word_1_640' title='bbox 1498 4429 1586 4485; x_wconf 86' lang='lat' dir='ltr'><strong>tabula</strong></span> <span class='ocrx_word' id='word_1_641' title='bbox 1597 4432 1699 4503; x_wconf 87' lang='lat' dir='ltr'><strong>imperii</strong></span> 
     </span>
     <span class='ocr_line' id='line_1_49' title="bbox 91 4507 1700 4584; baseline 0.001 -21"><span class='ocrx_word' id='word_1_642' title='bbox 91 4516 175 4566; x_wconf 81' lang='lat' dir='ltr'><strong>tasin</strong></span> <span class='ocrx_word' id='word_1_643' title='bbox 188 4515 271 4567; x_wconf 75' lang='lat' dir='ltr'><strong>Atlas</strong></span> <span class='ocrx_word' id='word_1_644' title='bbox 292 4532 343 4567; x_wconf 74' lang='lat' dir='ltr'><strong>ron</strong></span> <span class='ocrx_word' id='word_1_645' title='bbox 366 4515 458 4569; x_wconf 71' lang='lat' dir='ltr'><strong>Hellas</strong></span> <span class='ocrx_word' id='word_1_646' title='bbox 471 4526 522 4569; x_wconf 76' lang='lat' dir='ltr'><strong>etc.</strong></span> <span class='ocrx_word' id='word_1_647' title='bbox 536 4514 624 4570; x_wconf 65' lang='lat' dir='ltr'><strong>tabula</strong></span> <span class='ocrx_word' id='word_1_648' title='bbox 645 4534 691 4584; x_wconf 77' lang='lat'><strong>173</strong></span> <span class='ocrx_word' id='word_1_649' title='bbox 715 4534 769 4569; x_wconf 81' lang='grc' dir='ltr'><strong>ῃοῃ</strong></span> <span class='ocrx_word' id='word_1_650' title='bbox 788 4526 873 4569; x_wconf 65' lang='lat' dir='ltr'><strong>ramea</strong></span> <span class='ocrx_word' id='word_1_651' title='bbox 918 4510 1023 4563; x_wconf 87' lang='lat' dir='ltr'><strong>Turcici</strong></span> <span class='ocrx_word' id='word_1_652' title='bbox 1043 4508 1190 4580; x_wconf 78' lang='lat' dir='ltr'><strong>complures</strong></span> <span class='ocrx_word' id='word_1_653' title='bbox 1204 4508 1289 4561; x_wconf 80' lang='lat' dir='ltr'><strong>lootes</strong></span> <span class='ocrx_word' id='word_1_654' title='bbox 1304 4507 1379 4579; x_wconf 81' lang='lat' dir='ltr'><strong>juata</strong></span> <span class='ocrx_word' id='word_1_655' title='bbox 1397 4526 1468 4562; x_wconf 84' lang='lat' dir='ltr'><strong>mare</strong></span> <span class='ocrx_word' id='word_1_656' title='bbox 1485 4511 1549 4562; x_wconf 86' lang='lat' dir='ltr'><strong>sitos</strong></span> <span class='ocrx_word' id='word_1_657' title='bbox 1567 4509 1594 4562; x_wconf 91' lang='lat' dir='ltr'><strong>io</strong></span> <span class='ocrx_word' id='word_1_658' title='bbox 1614 4520 1700 4565; x_wconf 84' lang='lat' dir='ltr'><strong>tractu</strong></span> 
     </span>
     <span class='ocr_line' id='line_1_50' title="bbox 90 4584 1699 4664; baseline 0.006 -30"><span class='ocrx_word' id='word_1_659' title='bbox 90 4593 138 4644; x_wconf 69' lang='lat' dir='ltr'><strong>§ihi</strong></span> <span class='ocrx_word' id='word_1_660' title='bbox 157 4602 276 4658; x_wconf 64' lang='lat' dir='ltr'><strong>coomtg</strong></span> <span class='ocrx_word' id='word_1_661' title='bbox 290 4610 352 4645; x_wconf 71' lang='lat' dir='ltr'><strong>mm</strong></span> <span class='ocrx_word' id='word_1_662' title='bbox 369 4594 396 4645; x_wconf 69' lang='lat' dir='ltr'><strong>in</strong></span> <span class='ocrx_word' id='word_1_663' title='bbox 414 4592 467 4645; x_wconf 61' lang='grc' dir='ltr'><strong>ιώ</strong></span> <span class='ocrx_word' id='word_1_664' title='bbox 486 4594 500 4647; x_wconf 78' lang='grc'>5</span> <span class='ocrx_word' id='word_1_665' title='bbox 516 4596 632 4647; x_wconf 54' lang='lat' dir='ltr'><strong>pastilam</strong></span> <span class='ocrx_word' id='word_1_666' title='bbox 649 4594 768 4664; x_wconf 65' lang='lat' dir='ltr'><strong>ponitob</strong></span> <span class='ocrx_word' id='word_1_667' title='bbox 778 4594 874 4647; x_wconf 64' lang='lat' dir='ltr'><strong>oriente</strong></span> <span class='ocrx_word' id='word_1_668' title='bbox 919 4584 987 4639; x_wconf 79' lang='lat' dir='ltr'><strong>lutet·</strong></span> <span class='ocrx_word' id='word_1_669' title='bbox 1009 4588 1123 4660; x_wconf 63' lang='lat' dir='ltr'><strong>Mallept</strong></span> <span class='ocrx_word' id='word_1_670' title='bbox 1145 4596 1172 4640; x_wconf 70' lang='lat' dir='ltr'><strong>el</strong></span> <span class='ocrx_word' id='word_1_671' title='bbox 1197 4590 1353 4641; x_wconf 65' lang='lat' dir='ltr'><strong>Adiacessllm</strong></span> <span class='ocrx_word' id='word_1_672' title='bbox 1375 4586 1462 4641; x_wconf 76' lang='lat' dir='ltr'><strong>§illum</strong></span> <span class='ocrx_word' id='word_1_673' title='bbox 1485 4586 1573 4642; x_wconf 62' lang='lat' dir='ltr'><strong>medlo</strong></span> <span class='ocrx_word' id='word_1_674' title='bbox 1613 4590 1699 4643; x_wconf 67' lang='lat' dir='ltr'><strong>Romi</strong></span> 
     </span>
     <span class='ocr_line' id='line_1_51' title="bbox 91 4662 1004 4741; baseline 0.002 -20"><span class='ocrx_word' id='word_1_675' title='bbox 91 4670 199 4741; x_wconf 83' lang='lat' dir='ltr'><strong>Hyridis</strong></span> <span class='ocrx_word' id='word_1_676' title='bbox 209 4688 264 4741; x_wconf 77' lang='lat' dir='ltr'><strong>pn,</strong></span> <span class='ocrx_word' id='word_1_677' title='bbox 279 4671 313 4727; x_wconf 85' lang='lat' dir='ltr'><strong>sd</strong></span> <span class='ocrx_word' id='word_1_678' title='bbox 328 4673 415 4723; x_wconf 86' lang='lat' dir='ltr'><strong>sinum</strong></span> <span class='ocrx_word' id='word_1_679' title='bbox 430 4674 586 4726; x_wconf 75' lang='lat' dir='ltr'><strong>Astauennm</strong></span> <span class='ocrx_word' id='word_1_680' title='bbox 594 4712 603 4741; x_wconf 85' lang='lat'>‚</span> <span class='ocrx_word' id='word_1_681' title='bbox 621 4672 666 4724; x_wconf 89' lang='lat' dir='ltr'><strong>ubi</strong></span> <span class='ocrx_word' id='word_1_682' title='bbox 682 4690 754 4725; x_wconf 88' lang='lat' dir='ltr'><strong>nunc</strong></span> <span class='ocrx_word' id='word_1_683' title='bbox 765 4680 804 4723; x_wconf 85' lang='lat' dir='ltr'><strong>est</strong></span> <span class='ocrx_word' id='word_1_684' title='bbox 821 4673 873 4723; x_wconf 80' lang='lat' dir='ltr'><strong>Jet-</strong></span> <span class='ocrx_word' id='word_1_685' title='bbox 918 4662 1004 4718; x_wconf 70' lang='lat' dir='ltr'><strong>Video·</strong></span> 
     </span>
     <span class='ocr_line' id='line_1_52' title="bbox 90 4742 1698 4819; baseline -0.001 -17"><span class='ocrx_word' id='word_1_686' title='bbox 90 4746 145 4799; x_wconf 73' lang='lat' dir='ltr'><strong>drm</strong></span> <span class='ocrx_word' id='word_1_687' title='bbox 167 4750 238 4817; x_wconf 79' lang='lat' dir='ltr'><strong>layo</strong></span> <span class='ocrx_word' id='word_1_688' title='bbox 258 4748 384 4802; x_wconf 74' lang='lat' dir='ltr'><strong>domun.</strong></span> <span class='ocrx_word' id='word_1_689' title='bbox 408 4748 488 4815; x_wconf 88' lang='lat' dir='ltr'><strong>Quod</strong></span> <span class='ocrx_word' id='word_1_690' title='bbox 506 4766 586 4819; x_wconf 87' lang='lat' dir='ltr'><strong>qaam</strong></span> <span class='ocrx_word' id='word_1_691' title='bbox 606 4750 639 4801; x_wconf 82' lang='lat' dir='ltr'><strong>sit</strong></span> <span class='ocrx_word' id='word_1_692' title='bbox 657 4749 690 4802; x_wconf 92' lang='lat' dir='ltr'><strong>nb</strong></span> <span class='ocrx_word' id='word_1_693' title='bbox 713 4748 872 4811; x_wconf 73' lang='lat' dir='ltr'><strong>Artemidori</strong></span> <span class='ocrx_word' id='word_1_694' title='bbox 956 4760 981 4795; x_wconf 82' lang='grc' dir='ltr'><strong>ι.</strong></span> <span class='ocrx_word' id='word_1_695' title='bbox 999 4744 1238 4811; x_wconf 77' lang='lat' dir='ltr'><strong>Proeteraaniganti</strong></span> <span class='ocrx_word' id='word_1_696' title='bbox 1256 4744 1365 4815; x_wconf 74' lang='lat' dir='ltr'><strong>Baton]</strong></span> <span class='ocrx_word' id='word_1_697' title='bbox 1382 4742 1511 4797; x_wconf 85' lang='lat' dir='ltr'><strong>debebat:</strong></span> <span class='ocrx_word' id='word_1_698' title='bbox 1526 4749 1698 4817; x_wconf 71' lang='lat' dir='ltr'><strong>praeternaui-</strong></span> 
     </span>
     <span class='ocr_line' id='line_1_53' title="bbox 90 4818 1598 4897; baseline 0.004 -25"><span class='ocrx_word' id='word_1_699' title='bbox 90 4829 240 4879; x_wconf 65' lang='lat' dir='ltr'><strong>nemtiom</strong></span> <span class='ocrx_word' id='word_1_700' title='bbox 257 4828 388 4891; x_wconf 67' lang='lat' dir='ltr'><strong>alienum,</strong></span> <span class='ocrx_word' id='word_1_701' title='bbox 407 4838 501 4897; x_wconf 67' lang='lat' dir='ltr'><strong>sponte</strong></span> <span class='ocrx_word' id='word_1_702' title='bbox 527 4828 686 4897; x_wconf 71' lang='lat' dir='ltr'><strong>intelligitur,</strong></span> <span class='ocrx_word' id='word_1_703' title='bbox 708 4830 740 4881; x_wconf 79' lang='lat' dir='ltr'><strong>ln</strong></span> <span class='ocrx_word' id='word_1_704' title='bbox 762 4828 871 4881; x_wconf 64' lang='lat' dir='ltr'><strong>atterum</strong></span> <span class='ocrx_word' id='word_1_705' title='bbox 915 4821 993 4886; x_wconf 78' lang='lat' dir='ltr'><strong>grtnti</strong></span> <span class='ocrx_word' id='word_1_706' title='bbox 1006 4818 1207 4885; x_wconf 77' lang='lat' dir='ltr'><strong>tersusortuin,</strong></span> <span class='ocrx_word' id='word_1_707' title='bbox 1223 4822 1418 4893; x_wconf 75' lang='grc' dir='ltr'>παραπλεύσαντι</span> <span class='ocrx_word' id='word_1_708' title='bbox 1433 4821 1503 4896; x_wconf 72' lang='grc' dir='ltr'><strong>[ἐπ’]</strong></span> <span class='ocrx_word' id='word_1_709' title='bbox 1518 4818 1598 4895; x_wconf 69' lang='grc' dir='ltr'>εὖρον.</span> 
     </span>
     <span class='ocr_line' id='line_1_54' title="bbox 90 4898 1698 4976; baseline 0.004 -21"><span class='ocrx_word' id='word_1_710' title='bbox 90 4902 160 4957; x_wconf 86' lang='lat' dir='ltr'><strong>bunc</strong></span> <span class='ocrx_word' id='word_1_711' title='bbox 172 4922 291 4959; x_wconf 69' lang='lat' dir='ltr'><strong>errotun</strong></span> <span class='ocrx_word' id='word_1_712' title='bbox 301 4905 433 4959; x_wconf 79' lang='lat' dir='ltr'><strong>induxisse</strong></span> <span class='ocrx_word' id='word_1_713' title='bbox 444 4905 547 4960; x_wconf 86' lang='lat' dir='ltr'><strong>videtur</strong></span> <span class='ocrx_word' id='word_1_714' title='bbox 558 4907 722 4971; x_wconf 85' lang='lat' dir='ltr'><strong>Ptolemaeus,</strong></span> <span class='ocrx_word' id='word_1_715' title='bbox 733 4908 871 4976; x_wconf 86' lang='lat' dir='ltr'><strong>quiquam</strong></span> <span class='ocrx_word' id='word_1_716' title='bbox 953 4916 980 4953; x_wconf 77' lang='lat' dir='ltr'><strong>a.</strong></span> <span class='ocrx_word' id='word_1_717' title='bbox 996 4898 1104 4973; x_wconf 82' lang='grc' dir='ltr'>Πρώτη]</span> <span class='ocrx_word' id='word_1_718' title='bbox 1124 4901 1222 4957; x_wconf 83' lang='lat' dir='ltr'><strong>Fadem</strong></span> <span class='ocrx_word' id='word_1_719' title='bbox 1237 4920 1252 4955; x_wconf 85' lang='lat' dir='ltr'><strong>a</strong></span> <span class='ocrx_word' id='word_1_720' title='bbox 1263 4902 1349 4956; x_wconf 90' lang='lat' dir='ltr'><strong>Plinio</strong></span> <span class='ocrx_word' id='word_1_721' title='bbox 1363 4899 1393 4967; x_wconf 76' lang='lat'><strong>5,</strong></span> <span class='ocrx_word' id='word_1_722' title='bbox 1408 4906 1456 4967; x_wconf 70' lang='grc'><strong>44,</strong></span> <span class='ocrx_word' id='word_1_723' title='bbox 1471 4906 1487 4971; x_wconf 73' lang='grc' dir='ltr'>ς</span> <span class='ocrx_word' id='word_1_724' title='bbox 1499 4903 1546 4957; x_wconf 81' lang='lat'><strong>151</strong></span> <span class='ocrx_word' id='word_1_725' title='bbox 1563 4902 1639 4960; x_wconf 74' lang='lat' dir='ltr'><strong>Elea</strong></span> <span class='ocrx_word' id='word_1_726' title='bbox 1653 4925 1698 4961; x_wconf 82' lang='grc' dir='ltr'>νο·</span> 
     </span>
     <span class='ocr_line' id='line_1_55' title="bbox 90 4978 1697 5056; baseline 0.004 -24"><span class='ocrx_word' id='word_1_727' title='bbox 90 4984 176 5036; x_wconf 74' lang='lat' dir='ltr'><strong>sinum</strong></span> <span class='ocrx_word' id='word_1_728' title='bbox 197 4988 356 5037; x_wconf 78' lang='lat' dir='ltr'><strong>Astauenum</strong></span> <span class='ocrx_word' id='word_1_729' title='bbox 377 4985 465 5037; x_wconf 78' lang='lat' dir='ltr'><strong>Acrita</strong></span> <span class='ocrx_word' id='word_1_730' title='bbox 479 4995 506 5037; x_wconf 86' lang='lat' dir='ltr'><strong>et</strong></span> <span class='ocrx_word' id='word_1_731' title='bbox 517 4984 659 5042; x_wconf 85' lang='lat' dir='ltr'><strong>Posidonio</strong></span> <span class='ocrx_word' id='word_1_732' title='bbox 681 4986 729 5056; x_wconf 87' lang='lat' dir='ltr'><strong>(h.</strong></span> <span class='ocrx_word' id='word_1_733' title='bbox 745 4990 794 5039; x_wconf 84' lang='lat' dir='ltr'><strong>Bos</strong></span> <span class='ocrx_word' id='word_1_734' title='bbox 811 4986 872 5037; x_wconf 83' lang='lat' dir='ltr'><strong>boa·</strong></span> <span class='ocrx_word' id='word_1_735' title='bbox 916 4980 969 5033; x_wconf 88' lang='lat' dir='ltr'><strong>cari</strong></span> <span class='ocrx_word' id='word_1_736' title='bbox 993 4978 1106 5033; x_wconf 83' lang='lat' dir='ltr'><strong>videtur.</strong></span> <span class='ocrx_word' id='word_1_737' title='bbox 1130 4983 1235 5034; x_wconf 85' lang='lat' dir='ltr'><strong>Protam</strong></span> <span class='ocrx_word' id='word_1_738' title='bbox 1251 4981 1320 5034; x_wconf 87' lang='lat' dir='ltr'><strong>inter</strong></span> <span class='ocrx_word' id='word_1_739' title='bbox 1334 4992 1433 5035; x_wconf 78' lang='lat' dir='ltr'><strong>veteres</strong></span> <span class='ocrx_word' id='word_1_740' title='bbox 1450 4983 1611 5055; x_wconf 83' lang='lat' dir='ltr'><strong>geographos</strong></span> <span class='ocrx_word' id='word_1_741' title='bbox 1628 5002 1697 5039; x_wconf 89' lang='lat' dir='ltr'><strong>unus</strong></span> 
     </span>
     <span class='ocr_line' id='line_1_56' title="bbox 90 5057 1695 5133; baseline 0.003 -22"><span class='ocrx_word' id='word_1_742' title='bbox 90 5062 171 5127; x_wconf 77' lang='lat' dir='ltr'><strong>rasa)</strong></span> <span class='ocrx_word' id='word_1_743' title='bbox 184 5062 375 5131; x_wconf 73' lang='lat' dir='ltr'><strong>promontoriis</strong></span> <span class='ocrx_word' id='word_1_744' title='bbox 387 5061 473 5115; x_wconf 85' lang='lat' dir='ltr'><strong>claudi</strong></span> <span class='ocrx_word' id='word_1_745' title='bbox 485 5072 590 5125; x_wconf 84' lang='lat' dir='ltr'><strong>statuat,</strong></span> <span class='ocrx_word' id='word_1_746' title='bbox 604 5064 745 5133; x_wconf 82' lang='lat' dir='ltr'><strong>Kiepertus</strong></span> <span class='ocrx_word' id='word_1_747' title='bbox 756 5064 871 5117; x_wconf 79' lang='lat' dir='ltr'><strong>Acritam</strong></span> <span class='ocrx_word' id='word_1_748' title='bbox 917 5057 1099 5111; x_wconf 75' lang='lat' dir='ltr'><strong>Artemidorus</strong></span> <span class='ocrx_word' id='word_1_749' title='bbox 1118 5068 1256 5112; x_wconf 87' lang='lat' dir='ltr'><strong>memorat.</strong></span> <span class='ocrx_word' id='word_1_750' title='bbox 1278 5060 1411 5131; x_wconf 81' lang='lat' dir='ltr'><strong>Frequens</strong></span> <span class='ocrx_word' id='word_1_751' title='bbox 1433 5070 1490 5113; x_wconf 89' lang='lat' dir='ltr'><strong>tum</strong></span> <span class='ocrx_word' id='word_1_752' title='bbox 1504 5061 1621 5131; x_wconf 77' lang='grc' dir='ltr'>Πρώτης,</span> <span class='ocrx_word' id='word_1_753' title='bbox 1640 5072 1695 5117; x_wconf 88' lang='lat' dir='ltr'><strong>tom</strong></span> 
     </span>
     <span class='ocr_line' id='line_1_57' title="bbox 91 5134 1696 5213; baseline 0.002 -24"><span class='ocrx_word' id='word_1_754' title='bbox 91 5156 187 5191; x_wconf 87' lang='lat' dir='ltr'><strong>nornen</strong></span> <span class='ocrx_word' id='word_1_755' title='bbox 199 5138 233 5190; x_wconf 85' lang='lat' dir='ltr'><strong>ad</strong></span> <span class='ocrx_word' id='word_1_756' title='bbox 245 5139 309 5191; x_wconf 88' lang='lat' dir='ltr'><strong>illud</strong></span> <span class='ocrx_word' id='word_1_757' title='bbox 320 5142 533 5209; x_wconf 88' lang='lat' dir='ltr'><strong>promontorium</strong></span> <span class='ocrx_word' id='word_1_758' title='bbox 547 5142 679 5195; x_wconf 81' lang='lat' dir='ltr'><strong>transtulit</strong></span> <span class='ocrx_word' id='word_1_759' title='bbox 690 5141 762 5213; x_wconf 88' lang='lat' dir='ltr'><strong>quod</strong></span> <span class='ocrx_word' id='word_1_760' title='bbox 774 5141 808 5194; x_wconf 91' lang='lat' dir='ltr'><strong>ad</strong></span> <span class='ocrx_word' id='word_1_761' title='bbox 822 5142 871 5195; x_wconf 87' lang='lat' dir='ltr'><strong>iai·</strong></span> <span class='ocrx_word' id='word_1_762' title='bbox 919 5134 1012 5197; x_wconf 63' lang='grc' dir='ltr'>Ὄξῑῖαν</span> <span class='ocrx_word' id='word_1_763' title='bbox 1025 5146 1051 5189; x_wconf 69' lang='lat'><strong>0²</strong></span> <span class='ocrx_word' id='word_1_764' title='bbox 1063 5135 1184 5198; x_wconf 67' lang='grc' dir='ltr'>Πλᾱτῑῐᾱν</span> <span class='ocrx_word' id='word_1_765' title='bbox 1195 5137 1295 5191; x_wconf 72' lang='lat' dir='ltr'><strong>mentio</strong></span> <span class='ocrx_word' id='word_1_766' title='bbox 1305 5138 1420 5192; x_wconf 75' lang='lat' dir='ltr'><strong>oceumit</strong></span> <span class='ocrx_word' id='word_1_767' title='bbox 1433 5140 1459 5192; x_wconf 80' lang='lat' dir='ltr'><strong>in</strong></span> <span class='ocrx_word' id='word_1_768' title='bbox 1473 5141 1587 5195; x_wconf 82' lang='lat' dir='ltr'><strong>Historia</strong></span> <span class='ocrx_word' id='word_1_769' title='bbox 1598 5142 1696 5213; x_wconf 60' lang='lat' dir='ltr'><strong>Byzan·</strong></span> 
     </span>
     <span class='ocr_line' id='line_1_58' title="bbox 90 5214 1588 5289; baseline 0.003 -22"><span class='ocrx_word' id='word_1_770' title='bbox 90 5217 345 5271; x_wconf 82' lang='lat' dir='ltr'><strong>tiomestinterioris</strong></span> <span class='ocrx_word' id='word_1_771' title='bbox 354 5218 621 5273; x_wconf 64' lang='lat' dir='ltr'><strong>musetal’lioio</strong></span> <span class='ocrx_word' id='word_1_772' title='bbox 631 5230 738 5273; x_wconf 83' lang='lat' dir='ltr'><strong>vocatur</strong></span> <span class='ocrx_word' id='word_1_773' title='bbox 747 5222 870 5272; x_wconf 75' lang='lat' dir='ltr'><strong>[namtas</strong></span> <span class='ocrx_word' id='word_1_774' title='bbox 916 5216 981 5269; x_wconf 90' lang='lat' dir='ltr'><strong>tina.</strong></span> <span class='ocrx_word' id='word_1_775' title='bbox 996 5214 1065 5269; x_wconf 89' lang='lat' dir='ltr'><strong>Vide</strong></span> <span class='ocrx_word' id='word_1_776' title='bbox 1078 5232 1135 5287; x_wconf 79' lang='lat' dir='ltr'><strong>qaae</strong></span> <span class='ocrx_word' id='word_1_777' title='bbox 1148 5214 1235 5269; x_wconf 80' lang='lat' dir='ltr'><strong>laudat</strong></span> <span class='ocrx_word' id='word_1_778' title='bbox 1247 5218 1405 5270; x_wconf 81' lang='lat' dir='ltr'><strong>Bammcrus</strong></span> <span class='ocrx_word' id='word_1_779' title='bbox 1418 5217 1436 5273; x_wconf 91' lang='grc'><strong>1.</strong></span> <span class='ocrx_word' id='word_1_780' title='bbox 1451 5218 1469 5271; x_wconf 86' lang='grc' dir='ltr'><strong>Ι,</strong></span> <span class='ocrx_word' id='word_1_781' title='bbox 1485 5236 1511 5289; x_wconf 90' lang='lat' dir='ltr'><strong>p.</strong></span> <span class='ocrx_word' id='word_1_782' title='bbox 1527 5220 1588 5272; x_wconf 76' lang='lat' dir='ltr'><strong>tor.</strong></span> 
     </span>
     <span class='ocr_line' id='line_1_59' title="bbox 91 5295 895 5369; baseline 0.002 -26"><span class='ocrx_word' id='word_1_783' title='bbox 91 5296 312 5362; x_wconf 84' lang='lat' dir='ltr'><strong>promontorium.</strong></span> <span class='ocrx_word' id='word_1_784' title='bbox 328 5299 363 5348; x_wconf 80' lang='lat' dir='ltr'><strong>At</strong></span> <span class='ocrx_word' id='word_1_785' title='bbox 375 5295 439 5348; x_wconf 88' lang='lat' dir='ltr'><strong>nibil</strong></span> <span class='ocrx_word' id='word_1_786' title='bbox 452 5295 562 5366; x_wconf 86' lang='lat' dir='ltr'><strong>impedit</strong></span> <span class='ocrx_word' id='word_1_787' title='bbox 572 5297 636 5367; x_wconf 81' lang='lat' dir='ltr'><strong>quin</strong></span> <span class='ocrx_word' id='word_1_788' title='bbox 649 5306 770 5369; x_wconf 84' lang='lat' dir='ltr'><strong>putemus</strong></span> <span class='ocrx_word' id='word_1_789' title='bbox 785 5296 868 5349; x_wconf 85' lang='lat' dir='ltr'><strong>Ptole·</strong></span> <span class='ocrx_word' id='word_1_790' title='bbox 889 5326 895 5345; x_wconf 85' lang='lat'><em>.</em></span> 
     </span>
    </p>

    <p class='ocr_par' dir='ltr' id='par_1_6' title="bbox 1564 5391 1586 5437">
     <span class='ocr_line' id='line_1_60' title="bbox 1564 5391 1586 5437; baseline 0 0"><span class='ocrx_word' id='word_1_791' title='bbox 1564 5391 1586 5437; x_wconf 84' lang='grc'><strong>7.</strong></span> 
     </span>
    </p>
   </div>
   <div class='ocr_carea' id='block_1_6' title="bbox 0 0 1946 5925">
    <p class='ocr_par' dir='ltr' id='par_1_7' title="bbox 0 0 1946 5925">
     <span class='ocr_line' id='line_1_61' title="bbox 0 0 1946 5925; baseline 0 4"><span class='ocrx_word' id='word_1_792' title='bbox 0 0 1946 5925; x_wconf 95' lang='lat' dir='ltr'><strong> </strong></span> 
     </span>
    </p>
   </div>
  </div>
 </body>
</html>
