3884 5925
257 477 293 530 επ
869 471 1040 534 ΒΙΟιλὙδίί
1063 473 1247 537 BYZANTll

246 611 352 683 pluteum
362 623 371 649 ¹
382 654 389 678 ,
402 613 448 666 uli
459 613 593 667 uoutiuoto
603 617 703 668 tusum
718 619 819 669 Lutuus
833 607 937 689 [δύρνη
949 609 1031 691 ψυχό·
1075 631 1093 665 ιι
1115 614 1188 676 sciet,
1205 626 1230 667 et
1244 616 1401 669 coutumelio
1415 615 1543 690 implebit.
1583 621 1641 673 Hoc
1653 638 1715 674 sorte
1727 622 1868 693 experien-

251 691 347 770 νους],
364 698 438 772 uprul
455 717 534 770 quam
553 700 638 754 eiuut,
649 707 773 772 Autycum
789 703 929 773 Bebrycum
951 725 1033 773 regem
1077 697 1118 751 lla
1130 699 1232 764 didici·
1252 713 1376 754 Mittam
1395 695 1539 758 immortali
1554 705 1681 760 mtmm'oe
1700 707 1769 775 Νὲῐο·
1786 705 1869 761 illius

165 849 167 854 Ι
251 784 383 838 habitasse
393 784 543 858 pugillatus
549 804 641 859 purgem
653 787 772 841 otrtuidus
781 806 836 842 sucu
846 790 935 844 celatis
946 791 1030 845 homi·
1077 785 1242 858 iniquitatem
1255 787 1441 844 tradidissem
1453 791 1513 864 ilisa
1527 793 1610 847 lauro.

197 863 200 870 “
251 869 328 922 nidus
337 881 519 942 purstuutem,
531 871 725 926 uisial'olluce
742 874 948 944 uictussuisset,
959 877 1032 931 locis
1112 874 1235 928 Arbitror
1247 887 1362 930 erratum
1376 895 1432 931 esse
1443 879 1470 932 in
1482 881 1623 952 exemplari
1637 885 1801 958 Dionysiano
1819 885 1870 938 ha·

250 968 275 1008 et
290 956 363 1010 tectu
376 955 447 1026 filio.
484 958 533 1010 Ille
548 958 615 1012 euim
639 959 667 1012 iu
687 960 849 1033 crpcclitiour
865 963 983 1018 Colchico
999 984 1032 1017 ee
1074 959 1153 1014 bcnte
1165 954 1226 1013 ἔνθα
1240 979 1289 1034 prc
1303 955 1388 1030 ἔνθεν;
1403 969 1498 1021 namsi
1512 960 1572 1019 ἔνθα
1582 971 1692 1040 legatur,
1706 974 1761 1028 vult
1772 973 1869 1027 dicere

248 1041 631 1112 pratrocutiouecoullixitcum
648 1045 765 1108 Polluce,
780 1045 814 1097 ul>
827 1045 960 1117 eodemque
974 1048 1032 1100 Pol·
1074 1047 1247 1122 Nymphaeum
1271 1069 1343 1117 csse,
1367 1053 1412 1106 ubi
1438 1065 1476 1108 est
1498 1057 1602 1111 Laurus
1627 1040 1732 1124 insana}
1754 1071 1781 1113 at
1808 1063 1868 1112 An·

251 1127 304 1180 lucc
312 1127 413 1199 petiit,
427 1148 565 1202 mutusque
581 1130 654 1184 dedit
670 1150 698 1185 ut
713 1144 831 1185 externos
846 1133 1029 1199 crudelitatis,
1074 1133 1171 1188 droetas
1183 1135 1316 1190 Tenedius
1327 1143 1387 1210 (ap.
1399 1139 1486 1195 Schol.
1505 1143 1597 1213 Apoll:
1612 1145 1663 1199 rh.
1679 1162 1712 1210 a,
1730 1146 1817 1215 159.)
1837 1146 1867 1197 in

249 1225 388 1285 exortaque
401 1211 459 1282 suit
469 1216 565 1288 pleuto
581 1217 655 1271 illius
677 1217 787 1272 instruite
801 1219 901 1287 iusigm
912 1220 1032 1274 diuiuius
1074 1214 1182 1293 periplo¹
1194 1223 1363 1295 Propontidis
1375 1225 1455 1279 tradit
1467 1231 1598 1298 Amycum
1611 1229 1715 1296 locum,
1729 1231 1775 1283 ubi
1794 1241 1868 1284 essct

249 1319 328 1371 quum
339 1301 453 1356 Ιιιιιιιιιαιι
465 1322 535 1356 roem
547 1305 651 1377 assequi
661 1318 749 1377 quotu.
780 1313 848 1360 Num
858 1307 883 1360 si
896 1307 957 1378 quis
966 1308 1033 1362 huuc
1075 1311 1178 1362 laurus
1189 1310 1289 1376 insana,
1302 1313 1582 1386 distareaNymphaeo
1595 1317 1770 1371 (liralcedonic
1781 1321 1868 1389 quin·

250 1385 353 1440 luterum
364 1387 482 1443 imulerit
494 1389 521 1442 iu
528 1391 685 1456 conuiuium,
696 1392 773 1446 couci
778 1410 823 1446 uus
831 1392 917 1446 simili
929 1392 1033 1446 imhuio
1075 1412 1126 1465 que
1141 1395 1233 1450 stadia.
1270 1399 1356 1452 Nemo
1369 1393 1499 1465 declarat,
1509 1401 1584 1472 quale
1597 1402 1676 1456 suerit
1684 1402 1865 1475 Nymphaeum

249 1606 284 1642 ao
293 1588 372 1659 pedes
384 1589 506 1658 longum,
523 1591 538 1644 5
552 1591 632 1662 pedes
644 1593 736 1648 latum.
753 1595 859 1646 Veteres
870 1592 896 1644 id
910 1593 1033 1646 habuisse
1074 1603 1206 1673 pffldum,
1221 1606 1249 1658 1„
1267 1606 1412 1660 mophim
1423 1607 1509 1660 „bula
1522 1608 1640 1679 quinque
1656 1610 1751 1664 metior
1763 1610 1864 1664 mdia,

249 1667 397 1736 sepulerum
418 1671 524 1738 Amyci,
546 1687 624 1739 quem
642 1675 774 1740 pigritatem
788 1669 908 1724 Valerius
925 1671 1031 1724 Flaccus
1075 1683 1176 1750 Quidni
1195 1684 1278 1752 igitur
1298 1685 1370 1737 hunc
1389 1697 1497 1756 portum
1522 1691 1686 1756 Argonauta,
1707 1689 1804 1742 adiisse
1830 1707 1864 1742 ex

250 1756 340 1809 t'sst'ssls
368 1756 456 1798 censet
475 1747 595 1802 Clflrl‘lffl
618 1749 754 1816 (Tm⁸'⁶l⁸·
774 1749 818 1818 ll)-
836 1748 910 1803 idem
930 1751 957 1803 5⁰
981 1749 1032 1802 b0⁰
1076 1761 1209 1832 Apollonii
1227 1773 1254 1814 et
1275 1761 1411 1816 Androetae
1435 1766 1579 1830 sententia,
1603 1767 1763 1819 statuamus?
1786 1767 1866 1820 Nihil

250 1836 339 1878 monte
348 1825 410 1878 clim
421 1827 558 1896 templum,
570 1828 664 1882 lortase
675 1829 747 1883 lovis
759 1830 827 1892 Urii,
839 1828 918 1882 fuisse
929 1829 1029 1882 statuit.
1074 1850 1190 1893 oereeest
1199 1840 1271 1910 quod
1280 1853 1424 1912 repugnem
1436 1845 1518 1896 immo
1529 1844 1661 1915 Apollonii
1674 1844 1767 1915 εύρεῖαν
1779 1845 1861 1906 ἀκτήν

285 1922 311 1958 a.
332 1905 518 1977 lt'ymphtrum,
534 1906 579 1960 uli
590 1909 725 1962 uomirmtu
738 1913 838 1962 Iusuuu
852 1908 962 1979 laurus]
979 1910 1032 1963 Pro
1075 1931 1183 1992 penpre
1195 1919 1366 1975 refeffelioer
1379 1921 1413 1976 ad
1428 1924 1582 1976 latissimum
1602 1924 1775 1993 Argyruntum
1794 1943 1864 1996 pm.

250 1985 296 2036 ubi
305 1984 404 2054 Gyllius
418 1983 451 2036 de
464 2001 513 2038 suc
526 2001 596 2055 penu
606 1986 679 2042 dedit
694 1987 752 2040 iude
757 2029 767 2057 ,
778 1989 804 2040 in
819 1989 917 2040 Grecis
932 2003 982 2058 pro
994 1986 1032 2040 έν·
1076 2001 1253 2065 montorium,
1265 2002 1340 2054 sicuti
1354 2019 1464 2055 summ
1475 2019 1534 2073 φη
1542 2003 1579 2056 ibi
1590 2014 1652 2056 sum
1666 2003 1725 2056 fmfi
1733 2005 1866 2073 angustia,

250 2065 295 2127 θα,
308 2063 380 2134 quod
389 2061 471 2116 codex
482 2063 604 2132 habebat,
616 2066 684 2120 ένθεν
697 2067 836 2137 legendum
849 2085 903 2120 csse
912 2085 1031 2136 censens,
1076 2078 1143 2132 bem
1162 2079 1260 2132 mdunt
1277 2080 1304 2135 in
1325 2098 1418 2133 mmm
1440 2083 1634 2146 narrationem,
1656 2084 1701 2152 qui
1725 2087 1862 2155 Amycum

249 2143 374 2210 quoniam
389 2141 527 2195 Androetas
541 2144 621 2198 tradit
635 2149 764 2216 Amycum
784 2143 884 2206 locum,
907 2145 953 2198 ubi
966 2157 1031 2198 esset
1074 2157 1194 2228 pmdunt
1207 2160 1236 2212 fo
1250 2160 1337 2212 meos
1354 2161 1463 2231 Bospori
1485 2160 1631 2213 obtinuisse
1650 2160 1740 2231 ibique
1752 2174 1864 2232 pmff,

251 2223 352 2274 Lnu'rus
362 2222 465 2284 insano,
475 2239 491 2273 a
502 2223 647 2294 Nymphaeo
660 2223 836 2278 Chalcedonio
845 2223 941 2278 distare
952 2225 1030 2294 quin-
1076 2239 1224 2307 navigante.
1236 2239 1414 2309 (temptatum
1427 2257 1482 2292 ὥς,
1492 2240 1604 2310 (yomn,
1615 2243 1678 2294 Ant,
1692 2241 1720 2292 y„
1730 2243 1775 2296 p„-
1789 2243 1861 2296 pm·

249 2316 301 2368 que
314 2299 406 2352 stadia.
421 2297 564 2354 Videamus
573 2320 631 2372 quae
642 2321 683 2354 res
696 2304 737 2356 sit.
750 2301 905 2373 Apollonius
913 2299 1031 2361 Rhodius
1075 2326 1096 2369 y,
1113 2320 1146 2379 μ’
1164 2335 1192 2387 Ρ,
1209 2317 1270 2380 543,
1291 2317 1325 2370 ς,ι
1345 2318 1375 2369 ,5
1396 2335 1402 2368 ;
1418 2317 1447 2369 ,ὃ
1461 2318 1546 2372 my„
1567 2323 1611 2384 τῆς
1623 2319 1747 2383 θαλάσσης
1760 2321 1866 2388 mex„

252 2393 276 2440 ¹»
296 2377 363 2430 ¹36⁰
374 2377 440 2429 dieii
453 2394 460 2428 ἲ
473 2377 507 2429 Ol
516 2379 542 2432 δέ
552 2379 743 2450 (diffinitum)
759 2379 848 2449 mom
858 2377 1029 2448 Εἶῦανέγρθῦαν
1075 2385 1117 2437 καί
1127 2387 1182 2448 τούς
1199 2387 1318 2448 πλέοντας
1335 2387 1446 2458 λῃστεύει
1457 2389 1498 2443 καί
1513 2390 1637 2458 ρονεύει).
1651 2390 1776 2442 Ceterum
1794 2391 1864 2442 alins

253 2457 335 2525 ’λιτὴν
350 2459 376 2513 lu
390 2461 494 2515 κόλποιο
514 2463 573 2532 μάλ’
587 2461 682 2532 εύρεῖαν
701 2460 819 2515 ἐσιδέσθαι
839 2462 1029 2532 (θρασσάμενοι,
1074 2462 1108 2515 de
1130 2465 1196 2517 lauri
1216 2467 1314 2518 insanae
1332 2465 1391 2519 loco
1409 2467 1482 2519 aliter
1495 2469 1614 2520 statuisse
1636 2485 1715 2519 nemo
1737 2468 1862 2523 miretur.

248 2540 414 2611 adaperudp’
436 2539 513 2612 ἠελίῳ
529 2539 669 2595 ἐπέκελσαν.
688 2539 786 2592 ’Eride'
809 2539 867 2592 ἔσαν
882 2539 986 2609 σταθμοί
1004 2557 1030 2592 τε
1074 2541 1174 2596 Plinius
1187 2549 1229 2608 tlt,
1245 2549 1279 2608 48
1292 2545 1419 2614 §aiocd
1438 2546 1518 2614 Sillig.
1534 2549 1569 2599 ita
1580 2546 1690 2600 scribit:
1705 2571 1716 2592 ·
1728 2550 1763 2598 lu
1773 2547 1866 2600 eodem

190 2646 192 2651 .
249 2619 315 2687 βοῶν
333 2613 402 2681 αύλίς
415 2620 437 2674 τ’
455 2619 576 2690 Ἀμύκοιο.
598 2619 697 2671 Navem
718 2617 855 2686 alligarunt
876 2617 910 2670 ad
927 2615 1031 2673 laurum
1074 2631 1161 2673 tractu
1177 2623 1232 2689 (se.
1247 2623 1379 2676 Heraclcae
1390 2625 1519 2690 Pontium)
1531 2636 1626 2695 portus
1642 2624 1738 2693 Λεπρεῖ
1751 2636 1793 2676 est
1810 2630 1864 2679 Be-

176 2763 181 2766 ·
247 2715 306 2767 qua
319 2699 347 2752 in
363 2699 438 2752 litore
449 2699 575 2753 erstaltat.
595 2697 627 2751 Id
644 2700 715 2753 enim
729 2696 856 2750 doeemur
868 2714 901 2748 eo
914 2695 971 2750 icen
985 2695 1031 2748 uhi
1074 2699 1147 2768 tque
1164 2718 1221 2767 rege
1232 2700 1487 2767 interstandum,
1502 2705 1559 2772 ejus
1573 2702 1690 2757 tumulus
1700 2720 1719 2753 a
1734 2720 1862 2774 supra-nm

247 2777 546 2849 (·a,159)Argonautae
563 2788 622 2849 post
635 2777 767 2832 deuictum
787 2779 916 2847 Amycum
931 2785 957 2830 et
971 2793 1031 2847 pcr-
1074 2777 1116 2831 die
1127 2779 1161 2847 (u
1172 2780 1374 2852 stmcmmiucote
1384 2781 1506 2852 hodieque
1520 2781 1591 2851 conj.
1602 2781 1690 2850 sittig)
1703 2781 1863 2849 lourotegi·

247 2867 304 2908 acta
321 2874 393 2910 sacra
413 2859 512 2928 Orphei
530 2858 652 2912 cantibus
670 2855 866 2913 delectabantur
884 2853 958 2916 ξανθὰ
978 2853 1030 2924 έρε-
1075 2869 1207 2928 torquem
1226 2859 1345 2912 iumuum
1358 2873 1463 2927 coctam,
1479 2861 1601 2932 quoniam
1612 2861 1638 2913 si
1655 2861 1801 2935 quidesse
1814 2863 1864 2921 de·

247 2936 350 3007 ιράμενοι
376 2937 454 3008 δάφνῃ
470 2937 602 3008 καθύπερθε
626 2938 725 3008 μέτωπα
750 2934 880 3007 ἀγχιάλῳ,
898 2937 929 3006 τῇ
943 2935 984 2989 καί
1000 2953 1030 2992 ,τε
1073 2937 1863 3013 cuprumtusemmrmutum,jmgtafi1m,douxabjeta-

247 3014 302 3083 περὶ
317 3015 447 3084 πρυμνήσι’
463 3014 566 3081 ἀνῆπτο.
588 3014 630 3068 Ad
643 3015 699 3069 hac
710 3013 846 3079 scholiasta
864 3030 870 3067 :
885 3012 920 3065 Οθ
934 3032 1029 3079 ποιητι-
1074 3028 1125 3069 tur.
1142 3020 1210 3087 Qua
1227 3036 1260 3070 ne
1274 3019 1350 3073 Plinii
1364 3020 1527 3089 negligentia
1545 3019 1680 3076 referenda
1693 3038 1749 3073 esse
1761 3033 1859 3091 putas,

248 3098 294 3154 κῶς
311 3092 337 3145 δὲ
352 3092 471 3147 ἀνέπλασε
486 3094 530 3159 τὴν
549 3094 640 3164 δάρνην
657 3092 671 3145 ὁ
692 3090 869 3156 Ἀπολλώνιος,
890 3091 946 3143 ἀλλ’
963 3090 1028 3146 ἔστιν
1073 3093 1183 3165 impedit
1194 3096 1351 3151 'Ihcccritus
1365 3096 1406 3151 ld.
1422 3114 1466 3161 aa,
1481 3114 1514 3166 27
1529 3116 1604 3168 sqq„
1622 3099 1668 3168 qui
1683 3100 1737 3169 ipse
1750 3117 1861 3171 quoque

248 3171 325 3231 θντως
338 3169 363 3223 έν
377 3176 413 3241 τῷ
434 3174 502 3243 τύπῳ
518 3172 615 3241 δένδρον
633 3172 723 3241 δάρνης
743 3169 887 3241 εύμέγεθες,
902 3172 935 3231 ὣς
956 3190 1028 3241 φησιν
1074 3184 1133 3243 pcst
1145 3172 1265 3244 trajectus
1276 3176 1392 3247 Cyaneas
1405 3178 1432 3229 iu
1447 3179 1532 3229 Ponto
1544 3180 1709 3249 Argonautas
1725 3176 1760 3231 ad
1773 3182 1860 3250 Amy-

252 3248 387 3319 ἰλνδροίτας
402 3250 416 3303 ύ
434 3250 543 3313 Τενέδιος
557 3249 581 3303 έν
596 3256 632 3321 τῷ
650 3249 766 3320 Περίπλῳ
786 3253 829 3315 τῆς
846 3248 1027 3319 Προποντίδος,
1073 3269 1133 3303 curn
1147 3253 1246 3305 venisse
1265 3254 1395 3323 perhibet.
1419 3254 1539 3324 Denique
1561 3254 1737 3325 Apollodorus
1759 3256 1816 3321 ille,
1844 3276 1860 3309 a

247 3334 397 3397 παριστοριῖνν
415 3329 452 3381 ύτι
467 3328 568 3399 Ἄμυκος
583 3328 625 3400 μέν
642 3326 755 3381 καλεῖται
771 3327 799 3380 τύ
817 3328 920 3397 χωρίον,
937 3327 990 3396 ἔχει
1003 3327 1030 3380 δέ
1072 3330 1208 3383 scholiasta
1220 3330 1354 3396 laudatus,
1367 3335 1518 3403 quicunque
1532 3332 1628 3395 luerit,
1641 3352 1724 3404 quum
1738 3334 1772 3389 de
1782 3334 1862 3389 lauro

248 3403 343 3459 ἐποίκια
356 3405 398 3457 καί
414 3410 468 3470 νύν,
488 3407 598 3471 διέστηκε
615 3405 641 3457 δὲ
655 3409 698 3459 τού
712 3404 880 3471 Χαλκηδονίου
900 3404 1029 3474 Νυμφαίου
1072 3409 1194 3462 insanain
1203 3410 1282 3462 Ponti
1293 3412 1396 3482 periplo
1402 3411 1507 3476 dixerit,
1521 3413 1586 3465 item
1597 3414 1740 3466 inPontica
1750 3416 1862 3482 regione

248 3484 359 3545 σταδίους
376 3486 455 3539 πέντε.
476 3483 657 3555 Ἀπολλόδωρος
669 3482 695 3536 δέ
709 3482 734 3536 ἓν
748 3489 783 3555 τῷ
796 3484 884 3553 epum
902 3489 949 3536 τῶν
965 3484 1029 3535 llor-
1072 3487 1272 3541 eamcollcmsse
1284 3490 1399 3543 videtur.
1408 3492 1445 3543 Ut
1453 3494 1479 3543 in
1485 3492 1613 3561 Bosporo,
1619 3491 1695 3545 sicud
1704 3492 1861 3549 Heracleam

248 3568 322 3615 τινῶν
336 3562 418 3634 ἡρῷον
428 3562 593 3635 αύτύθιρηοίν
607 3563 673 3617 εἶναι
692 3562 805 3634 Ἀμύκου,
815 3563 858 3615 καὶ
869 3560 938 3623 εἴτις
949 3561 1030 3629 έκτῆς
1072 3565 1207 3618 Ponticam
1218 3564 1323 3617 lamum
1334 3568 1409 3619 istam
1420 3568 1452 3619 in
1467 3568 1614 3638 Nymphae
1621 3578 1793 3622 monstratam
1802 3588 1862 3623 esse

247 3644 337 3712 δέρνης
348 3645 440 3699 κλάδον
452 3644 533 3711 λάύοι,
548 3644 581 3707 είς
592 3645 717 3715 λοιδορίαν
728 3643 849 3709 ἀνίστησι.
1071 3645 1199 3714 suspicor,
1207 3639 1333 3714 qtt'oniam
1343 3648 1471 3699 Arrianus
1481 3649 1552 3714 (Per.
1561 3650 1617 3715 P.§
1630 3648 1674 3718 ιο)
1685 3648 1861 3702 iniieraclen-

286 3726 325 3777 Er
339 3724 381 3777 his
394 3734 464 3795 patet
477 3724 578 3779 lautum
597 3725 742 3785 literalem,
758 3723 792 3777 de
805 3741 857 3795 qua
873 3722 1029 3793 Apollonius
1073 3723 1125 3775 tico
1134 3724 1400 3795 tractnNymphaeum
1408 3738 1545 3791 memorat,
1555 3743 1727 3797 iquoquam
1734 3728 1861 3797 proxime

247 3808 383 3875 cgit,n0n
397 3826 452 3861 esse
463 3808 564 3863 laurum
580 3809 713 3871 insanam,
728 3825 807 3877 quam
825 3808 852 3859 in
866 3806 969 3861 tumulo
981 3805 1028 3858 de·
1072 3801 1171 3857 abesset
1182 3800 1256 3859 locus
1271 3802 1427 3872 Tyndaride
1444 3805 1547 3871 dictus,
1559 3805 1654 3859 devicti
1668 3804 1860 3876 aTyndaridis

248 3902 322 3939 rnum
336 3888 429 3955 Amyci
454 3897 541 3939 notant
557 3905 613 3939 asse
632 3886 750 3959 produnt
768 3886 922 3939 Ptolomeus
940 3887 1027 3955 (Hist.
1071 3883 1163 3953 Amyci
1178 3885 1332 3945 memoriam
1346 3884 1382 3943 ibi
1396 3884 1588 3954 viguisselacile
1600 3885 1765 3937 concesseris.
1780 3884 1858 3939 Idem

247 3982 309 4017 ιιον.
330 3983 354 4019 c.
372 3966 387 4018 3
409 3984 436 4037 p.
454 3969 503 4035 187
516 3965 549 4019 ed
565 3968 729 4034 Wcsterm.)
747 3976 773 4018 et
790 3965 890 4019 Plinius
913 3971 960 4031 ιθ,
975 3970 1027 4033 48,
1072 3960 1124 4015 irco
1138 3961 1293 4033 Apollonius
1306 3979 1339 4024 a,
1354 3966 1404 4017 806
1424 3980 1474 4033 pro
1492 3981 1542 4015 suo
1557 3962 1667 4015 consilio
1687 3964 1723 4015 ita
1737 3962 1856 4026 indicat,

246 4044 403 4113 quibuscum
414 4046 530 4097 concinit
539 4047 654 4098 narratio
664 4044 793 4114 Dionysii.
808 4044 947 4100 Andrmtas
955 4065 1027 4112 vero,
1072 4052 1103 4094 ul
1124 4042 1241 4113 Lycum,
1260 4041 1495 4113 Mariandynorum
1516 4060 1618 4111 regem,
1640 4040 1797 4113 Tyndaridis
1821 4045 1859 4097 ob

246 4120 280 4173 nd
300 4122 483 4177 illustrandum
500 4124 666 4194 Apollonium
686 4142 703 4177 a
716 4122 853 4177 scholiasta
870 4123 1026 4192 advocatus,
1073 4121 1240 4177 interiectum
1255 4122 1382 4192 Amycum
1395 4122 1523 4193 templum
1534 4124 1562 4175 in
1576 4121 1718 4173 Acherusio
1729 4139 1858 4191 promon-

245 4201 459 4273 curalitcrntque
474 4202 747 4273 Apolloniusdelaurc
758 4205 876 4256 statuisse
884 4203 1029 4257 censendus
1073 4205 1142 4256 toric
1159 4211 1354 4255 exstructurum
1372 4200 1451 4253 luisse
1470 4200 1541 4255 dicat
1586 4200 1645 4253 Alia
1661 4200 1694 4254 de
1710 4200 1776 4253 lauri
1796 4202 1859 4255 loco

246 4283 293 4343 sit,
308 4300 386 4337 cause
406 4282 496 4337 subest
512 4283 593 4337 nulla.
614 4284 686 4337 Nihil
706 4284 785 4353 igitur
806 4284 939 4337 Androetae
956 4283 1029 4337 locus
1072 4282 1199 4335 sententia
1208 4290 1247 4333 est
1259 4280 1363 4333 Arriani
1378 4280 1423 4350 qui
1432 4281 1459 4332 in
1468 4279 1572 4349 Periplo
1584 4296 1632 4331 suc
1643 4290 1749 4349 portum
1761 4280 1859 4349 Δέρνης

247 4359 413 4432 suppeditat,
429 4361 501 4432 quod
519 4361 626 4415 suadeat
646 4362 717 4433 apud
734 4362 889 4431 Dionysium
905 4378 954 4431 prc
972 4364 1029 4413 ίνθα
1074 4362 1250 4432 μαινομένηςυ
1266 4360 1338 4412 Pano
1356 4357 1483 4421 lostadia
1496 4357 1592 4410 distare
1606 4356 1687 4411 tradit
1701 4356 1815 4427 ideoque
1829 4360 1857 4411 in

246 4437 387 4508 legendum
399 4457 455 4492 asse
469 4438 548 4492 ἔνθεν.
585 4442 672 4492 immo
685 4438 789 4509 qoede
802 4439 919 4507 quinque
932 4436 1029 4510 stadic-
1072 4458 1105 4492 eo
1121 4441 1181 4491 sinu
1194 4437 1304 4502 collocat
1324 4439 1369 4508 qui
1387 4436 1467 4507 Gyllii
1485 4447 1559 4489 aetate
1573 4435 1716 4489 vocabatur
1736 4440 1858 4490 Becoussi

246 4536 307 4572 mim
320 4519 456 4573 interuallo
469 4521 538 4573 inter
552 4522 577 4573 N
580 4519 728 4591 ymphaeum
742 4530 769 4570 ct
785 4518 912 4588 Apollonii
927 4518 1028 4571 laurum
1072 4521 1098 4589 (i
1121 4538 1146 4571 e.
1158 4516 1325 4588 juglandium
1344 4518 1446 4587 sinus),
1463 4514 1536 4587 quod
1552 4533 1650 4592 nomen
1664 4532 1736 4568 nunc
1748 4514 1814 4567 abiit
1828 4516 1858 4566 in

247 4597 374 4650 literalem
387 4596 563 4650 intercedente
576 4598 712 4650 Androetas
721 4594 820 4667 prodit,
836 4614 896 4649 cum
907 4597 1027 4667 Dionysii
1073 4598 1172 4651 Bcicot.
1188 4599 1278 4648 Restat
1293 4595 1440 4666 Stephanus
1454 4596 1499 4665 qui
1515 4614 1537 4647 s.
1550 4612 1575 4647 ν.
1588 4594 1672 4665 Δάρνη
1684 4591 1767 4662 dicit:¹
1783 4590 1858 4645 Ἔστι

246 4678 397 4731 narratione
409 4686 435 4729 et
447 4676 499 4730 situ
514 4677 632 4730 locorum
649 4678 749 4748 optimc
762 4687 872 4747 possunt
885 4675 1028 4730 conciliari.
1073 4677 1115 4730 καί
1134 4672 1210 4745 λιμὴν
1236 4674 1319 4743 stetu
1335 4676 1471 4744 μαινομένη
1488 4673 1636 4743 (φαινομένη
1661 4670 1758 4741 codd.)
1773 4669 1798 4723 έν
1820 4676 1859 4741 τῷ

246 4758 313 4809 Nam
341 4759 397 4827 ipsc
421 4756 523 4829 Gyllius
543 4756 639 4811 latetur
659 4756 806 4809 secundum
831 4754 950 4807 ordinem
975 4773 1030 4826 quc
1073 4758 1177 4825 στόματι
1195 4757 1239 4807 τού
1253 4752 1348 4805 Πόντου
1369 4751 1394 4804 έν
1416 4753 1483 4823 δεξιᾷ
1498 4744 1659 4816 ἀναπλέοντι,
1678 4753 1706 4804 in
1723 4750 1820 4820 quibus
1833 4752 1857 4801 ei

246 4832 304 4885 loca
319 4834 459 4903 Dionysius
472 4845 602 4897 νοσεουσί,
617 4833 828 4887 commodissime
842 4833 944 4885 laurum
963 4834 1030 4885 insa-
1074 4833 1151 4889 verba
1163 4831 1188 4887 ίν
1202 4851 1227 4886 τ.
1242 4834 1344 4901 στύματι
1356 4831 1501 4901 premenda
1512 4842 1588 4896 sunt,
1604 4840 1696 4902 portus
1706 4829 1749 4882 illc
1759 4827 1792 4881 od
1807 4830 1858 4881 Ar·

134 4935 139 4945 ·
247 4928 309 4964 nam
325 4916 448 4983 componi
459 4932 520 4967 cnm
530 4916 604 4986 Sycia
616 4914 687 4967 lontc
704 4916 732 4967 in
747 4914 811 4967 valle
823 4916 894 4965 Divae
904 4912 1030 4966 Galaticae
1074 4913 1214 4982 gyronium
1225 4911 1314 4981 potius
1326 4912 1539 4980 promontorium
1554 4927 1635 4979 quam
1647 4910 1677 4961 in
1689 4906 1780 4960 Beicos
1794 4908 1857 4966 sinu

246 5002 380 5057 exstante,
398 4991 473 5063 cujus
488 4994 590 5047 laurum
604 4996 657 5049 uim
674 5012 747 5047 suam
766 4994 939 5063 perniciosam
955 4990 1030 5045 labu-
1073 4989 1211 5061 ponendus
1224 5008 1279 5043 csse
1292 4988 1518 5043 Μιναῖοι-ἀείσω
1526 4991 1614 5041 sinum
1625 4987 1767 5060 Dionysius
1778 4987 1857 5040 sicuti

246 5070 330 5141 leque
353 5072 486 5127 veritatem
512 5075 541 5124 in
565 5074 644 5144 Gyllii
675 5072 815 5127 comitibus
842 5071 1029 5141 comprobasse
1072 5072 1173 5125 Plinius
1194 5070 1229 5132 5,
1249 5070 1302 5134 43,
1330 5068 1495 5135 150,v0cat
1517 5067 1613 5138 Amyci
1630 5066 1727 5119 sinum.
1752 5064 1857 5132 Quodsi

184 5205 188 5213 ,
247 5150 354 5205 dixeris.
369 5154 428 5204 lam
447 5166 509 5207 vero
522 5152 556 5205 ah
569 5152 721 5216 hncionte,
741 5152 787 5221 qui
805 5150 870 5203 lauri
890 5152 988 5203 insana
1003 5161 1030 5202 et
1073 5149 1246 5201 nihilominus
1268 5148 1335 5201 lauri
1357 5149 1455 5201 insanae
1473 5148 1575 5209 locum,
1591 5164 1672 5216 quem
1696 5144 1752 5214 ipse
1770 5144 1857 5195 oculis

246 5232 383 5302 Nymphaei
397 5232 455 5284 loco
468 5230 626 5301 respondere
639 5231 760 5297 videtur,
774 5248 858 5300 usque
873 5228 907 5281 ad
920 5239 1028 5299 portum
1072 5237 1257 5298 usurpaverat,
1278 5227 1329 5279 alic
1354 5227 1492 5295 transfert,
1513 5225 1634 5279 habuisse
1650 5222 1728 5277 debet
1749 5239 1799 5277 cur
1820 5223 1857 5273 ita

247 5328 326 5383 quem
343 5309 480 5363 inmedio
499 5311 646 5381 Argyronio
664 5309 846 5380 promontorio
865 5306 928 5359 olim
949 5306 1027 5359 luisse
1072 5305 1220 5359 iaciendum
1233 5314 1429 5357 essestntneret.
