3884 5925
799 456 1037 517 nusctttr'rto.
1657 472 1714 523 att

83 586 112 645 Α
125 591 326 658 eitransigentes
337 605 398 641 cum
406 588 479 641 omni
489 588 633 659 provinus.
646 585 748 639 Deinde
758 586 901 640 Osdroenae
946 596 1052 648 amata,
1068 585 1184 656 undique
1195 587 1323 656 accipiens
1340 602 1430 639 omnes
1443 586 1565 650 sustinet,
1584 588 1720 643 abundans

125 688 166 729 est
180 676 289 738 udan,
301 682 329 727 et
345 676 400 744 ipsa
413 674 508 726 civitas
522 671 670 743 splendida.
945 671 1068 723 omnibns
1077 670 1163 725 bonis.
1175 671 1232 740 (al.)
1245 672 1330 741 Tyrus
1339 688 1444 741 qnoque
1457 670 1547 725 civitas
1560 674 1586 724 in
1598 675 1720 727 omnibus

159 762 204 815 ai.
220 759 323 812 Deinde
332 758 388 828 jam
400 760 483 828 Syriae
492 759 566 827 regio
579 759 683 819 omnis,
699 773 759 824 quae
771 755 902 809 dividitur
946 756 1021 821 ielis,
1035 758 1144 828 spissior
1156 757 1275 827 populis,
1292 760 1361 809 viros
1374 757 1452 809 babet
1467 776 1498 809 ex
1511 760 1614 825 negotio
1626 760 1720 813 divites

126 846 154 897 in
167 846 254 915 Syrias
267 855 331 907 tres,
343 845 507 897 Ptmicamet
520 842 684 895 Palaestinam
695 850 722 893 et
733 840 842 903 emam,
853 841 905 895 ha·-
944 853 972 894 et
983 853 1102 913 potentes
1113 846 1139 895 in
1152 842 1283 895 omnibus.
1298 843 1355 910 (15)
1367 846 1428 897 Post
1434 828 1518 912 ipsam
1531 846 1641 912 berytus
1654 846 1717 897 ciri·

125 929 342 983 benteseivitates
352 930 448 990 varias,
460 928 648 981 excellenteset
660 942 778 993 magna,
789 942 901 995 quarum
944 938 985 981 tas
1002 929 1076 981 valde
1092 928 1214 981 deliciosa
1233 939 1260 981 et
1280 928 1409 981 auditoria
1431 928 1516 996 legum
1536 929 1650 988 habens.
1674 948 1721 1000 per

125 1016 211 1083 prima
232 1014 374 1068 Antiochia
389 1014 482 1065 civitas
495 1010 588 1080 regalis
609 1012 636 1063 in
651 1010 784 1073 omnibns,
805 1009 851 1063 ubi
875 1021 902 1065 et
944 1030 1023 1082 qnam
1034 1015 1123 1065 omnin
1137 1016 1315 1065 Romanorum
1324 1012 1422 1082 judicia
1437 1023 1504 1065 sture
1518 1013 1648 1069 videntur.
1663 1017 1719 1085 (nti)

125 1100 251 1154 dominus
269 1101 344 1153 orbis
362 1112 493 1153 terrarum
509 1098 594 1163 sedet,
605 1100 698 1152 civitas
718 1097 854 1168 splendida
874 1108 901 1153 et
945 1100 1068 1153 Similiter
1079 1110 1105 1152 et
1115 1102 1230 1153 Caesarea
1239 1102 1329 1152 civitas
1343 1100 1546 1163 deliciosissima,
1556 1100 1631 1170 cujus
1643 1112 1720 1155 tetra·

126 1186 249 1256 operibus
263 1185 374 1255 publicis
386 1187 505 1239 eminens
522 1194 549 1238 et
562 1182 729 1235 multitudine
742 1181 901 1253 populorum
945 1183 1036 1255 pylum
1061 1188 1212 1238 nominatur
1232 1186 1343 1255 ubique,
1365 1186 1438 1255 quod
1468 1204 1551 1239 unum
1573 1198 1600 1239 et
1622 1206 1719 1239 novum

87 1338 241 1397 Bcivitotas
252 1360 354 1414 semper
365 1354 460 1397 stantes
470 1341 550 1394 deirm
561 1350 587 1393 et
596 1339 759 1413 imperatoris
767 1341 901 1410 sapientia,
945 1344 995 1394 nis.
1023 1346 1081 1412 (14)
1104 1348 1162 1397 iam
1186 1344 1272 1398 altere
1295 1346 1410 1397 civitates
1434 1345 1514 1397 veluti
1536 1346 1636 1415 Tyrus,
1662 1364 1721 1415 quae

126 1429 250 1482 haisentes
258 1430 355 1481 moenia
363 1427 902 1497 inclitebellosempervirtntemPcrsarum
945 1430 1065 1481 omnhtrn
1090 1430 1223 1495 negotium
1247 1428 1378 1481 ferventer
1400 1445 1478 1496 agens
1503 1430 1639 1497 magnifice
1659 1430 1720 1483 felix

126 1514 282 1581 dissolvunt,
293 1514 422 1566 ferventes
435 1513 556 1581 negotiis,
572 1512 742 1580 transigentes
755 1529 816 1563 cum
830 1512 902 1563 omni
945 1522 986 1564 est
1007 1512 1091 1577 (nulla
1104 1513 1175 1565 enim
1190 1511 1256 1563 sorte
1268 1513 1357 1565 civitas
1371 1513 1485 1565 Orientis
1496 1523 1535 1565 est
1543 1512 1599 1582 ejus
1613 1516 1721 1583 spissior
1766 1580 1769 1589 γ

127 1598 905 1671 provinciabene.Deinde0sdmenseEdessaetipsaoivitas
945 1616 974 1650 rn
998 1600 1133 1667 negotio),
1146 1608 1172 1651 et
1193 1597 1286 1650 divites
1309 1598 1377 1651 viros
1399 1597 1497 1651 babens
1518 1609 1544 1651 et
1562 1610 1680 1670 potentes
1694 1602 1720 1653 in

126 1682 271 1756 splendida.
945 1682 1079 1737 omnibus.
1094 1684 1153 1751 (25)
1166 1685 1228 1735 Post
1246 1682 1321 1735 istam
1341 1682 1449 1753 Berytus
1464 1684 1555 1737 civitas
1570 1684 1644 1737 valde
1657 1685 1720 1739 deli·

162 1771 207 1825 53.
227 1767 478 1839 Deindejsmregio
493 1770 574 1839 Syrie
586 1769 673 1821 omnis
684 1768 797 1838 partitur
808 1768 838 1819 in
850 1778 903 1821 tres
946 1769 1012 1820 tinen
1028 1778 1055 1821 et
1076 1767 1206 1820 auditoria
1226 1765 1311 1835 legum
1333 1766 1446 1830 babens,
1461 1784 1508 1837 per
1531 1786 1610 1837 quam
1633 1772 1722 1823 omnin

127 1857 228 1927 Syrias,
243 1856 370 1909 Punicam
384 1865 411 1908 et
421 1856 583 1909 Palaestinam
597 1865 623 1908 et
636 1854 746 1907 Coelam.
761 1857 795 1907 Et
808 1854 905 1907 babent
944 1851 1045 1923 judicia
1064 1855 1253 1909 Romanorum.
1269 1851 1334 1905 lnde
1347 1853 1417 1905 enim
1431 1854 1479 1905 viri
1491 1852 1561 1906 docti
1575 1855 1601 1907 in
1616 1872 1721 1909 amnem

126 1940 244 1995 civitates
254 1942 337 1992 varias
350 1950 376 1993 et
389 1940 542 1993 excellentes
553 1950 580 1991 et
589 1942 729 2003 mximas,
744 1956 855 2009 quarum
870 1954 903 1989 ex
948 1938 1039 1990 orbem
1063 1948 1190 1989 terrarum
1204 1936 1325 1989 adsident
1340 1936 1474 2006 judicibus
1487 1948 1514 1991 et
1533 1942 1643 1993 scientes
1656 1939 1722 2008 leges

126 2036 202 2099 parte
221 2043 369 2079 memorans
388 2025 524 2079 deiectabo
547 2025 692 2077 audientes.
711 2026 759 2077 list
771 2042 834 2092 ergo
847 2026 902 2076 An·
947 2022 1099 2075 custodiunt
1111 2022 1274 2091 provincias,
1289 2020 1386 2091 quibus
1399 2024 1538 2077 mittuntur
1548 2024 1634 2095 legum
1649 2026 1721 2077 ordi-

128 2113 225 2166 tioehia
238 2115 323 2182 prima
338 2112 430 2165 civitas
442 2112 534 2180 regalis
546 2122 574 2164 et
584 2112 654 2163 bons
665 2113 694 2165 in
704 2112 844 2173 omnibus,
858 2110 903 2161 ubi
947 2114 1075 2163 nationes.
1094 2110 1150 2179 (26)
1166 2112 1225 2161 lam
1236 2110 1314 2161 etiam
1326 2110 1441 2163 Cesarea
1454 2112 1543 2163 civitas
1557 2122 1595 2164 est
1606 2112 1723 2167 similiter

128 2210 156 2253 et
167 2198 292 2251 doninus
303 2198 377 2250 orbis
389 2209 519 2251 terrarum
532 2198 619 2261 sedet,
629 2198 720 2251 civitas
730 2195 866 2267 splendido
879 2206 905 2249 et
947 2194 1096 2247 deliciosior
1107 2203 1132 2245 et
1147 2191 1283 2245 abundans
1303 2193 1443 2256 omnibus,
1460 2204 1486 2246 et
1502 2194 1672 2265 dispositione
1685 2200 1723 2249 ci·

128 2285 252 2355 operibus
261 2285 372 2355 publicis
380 2283 904 2353 eminens,etmultitndinempopnlorum
950 2280 1034 2331 vitatis
1056 2280 1083 2331 in
1107 2278 1188 2329 multa
1208 2278 1342 2341 eminens;
1356 2278 1500 2348 tetrapylon
1518 2280 1588 2332 enirn
1607 2280 1663 2351 ejus
1675 2299 1723 2334 no-

127 2370 258 2441 eoeiprsns
283 2370 370 2422 omnis
394 2370 521 2433 sustinet,
543 2367 680 2421 abundm
705 2368 829 2421 omnibus
854 2367 904 2419 bo·
949 2366 1064 2419 minatur
1095 2363 1207 2433 ubique,
1234 2362 1306 2433 quod
1332 2381 1416 2416 unum
1441 2375 1468 2418 et
1495 2380 1593 2421 novum
1618 2367 1724 2437 aliquod

127 2557 255 2599 namntes
266 2564 299 2597 ex
312 2545 462 2615 conjectura
474 2544 608 2599 'Iheodori
620 2544 735 2597 Mulieri.
748 2544 760 2612 l}
778 2572 814 2583 —
830 2555 906 2595 entra
987 2544 1013 2607 S.
1036 2541 1081 2595 ab.
1106 2539 1243 2592 auditoria
1267 2539 1349 2605 legum
1376 2540 1486 2609 labens]
1506 2566 1517 2587 ι
1537 2545 1608 2595 Juris
1632 2545 1725 2599 studiis

129 2640 240 2677 mmm
263 2635 289 2676 et
305 2623 419 2693 sermm]
443 2648 455 2671 ι
475 2625 585 2675 Ferrum
604 2632 677 2675 etas
694 2632 725 2674 ut
743 2621 861 2674 hostibus
878 2621 905 2671 in
950 2617 1236 2688 scholaetprolessione
1249 2617 1316 2669 clara
1327 2617 1381 2685 jain
1391 2616 1437 2669 diu
1449 2628 1476 2671 et
1486 2617 1608 2689 deinceps
1615 2624 1724 2692 Berytus

130 2717 287 2764 commune,
296 2703 332 2753 ite
345 2702 430 2755 Persis
440 2702 595 2754 nominatim
608 2699 711 2752 tradere
723 2704 829 2752 vetitum
842 2697 904 2762 luit3
952 2696 1015 2760 init,
1031 2696 1102 2764 quod
1114 2696 1192 2747 etiam
1203 2694 1281 2748 docet
1291 2695 1333 2746 lex
1349 2711 1360 2746 1
1378 2700 1403 2749 C.
1417 2695 1560 2765 quiestote.
1582 2701 1724 2767 Gregorius

130 2778 203 2847 quod
216 2790 309 2848 preter
317 2778 390 2831 hunc
400 2790 532 2831 auctorem
546 2778 644 2829 indicat
658 2794 765 2847 quoque
781 2777 906 2829 libanius
951 2775 1160 2841 Thaumaturgns
1173 2774 1199 2823 in
1213 2783 1280 2825 orat.
1293 2790 1418 2843 panegyr.
1432 2773 1464 2825 ad
1475 2776 1613 2841 origenem
1631 2796 1658 2846 p.
1676 2782 1724 2831 186

131 2855 357 2925 inbeaiiuijs,qui
366 2856 519 2909 Consumto
528 2856 593 2925 imp.
601 2853 687 2907 dictus
695 2864 742 2918 est,
751 2864 777 2906 et
787 2870 907 2924 expressa
951 2866 1021 2918 sqq.;
1039 2846 1084 2900 sed
1105 2858 1130 2899 et
1150 2865 1197 2917 per
1217 2847 1273 2899 brec
1296 2848 1351 2917 ipsa
1372 2858 1489 2917 tempora
1511 2850 1659 2921 Eunnpius,
1674 2856 1723 2906 snb

131 2934 283 2986 constitutio
307 2935 470 3004 imperatoris
495 2933 621 2987 Marciani
641 2932 731 3002 legen
755 2948 762 2984 :
784 2934 847 2998 Ques
867 2949 906 2984 res
952 2928 1105 2981 Constantio
1129 2927 1205 2995 imp„
1220 2927 1248 2978 in
1269 2928 1321 2978 vita
1343 2928 1477 2980 Proseresii
1495 2944 1520 2996 p.
1544 2930 1603 2984 150.
1623 2932 1724 2986 Libanii

131 3010 275 3084 aporiari,
293 3037 304 3058 .
322 3013 530 3065 emortuum,
643 3051 654 3059 .
952 3022 1059 3075 qnoque
1080 3005 1153 3055 locus
1170 3005 1278 3071 insignis
1298 3006 1373 3058 Orat.
1396 3009 1429 3057 26
1444 3005 1601 3074 apologetica
1619 3025 1648 3078 p.
1662 3011 1723 3078 595,

167 3089 240 3158 §ab
255 3089 393 3158 Punicam]
410 3089 543 3142 Phenicen
564 3089 639 3152 Cam,
662 3089 787 3156 Pynicam
805 3089 836 3143 B.
850 3089 908 3156 ΙΙ-
953 3083 997 3134 ubi
1011 3082 1045 3134 de
1067 3080 1195 3150 frequenti
1215 3081 1264 3133 snb
1278 3081 1387 3134 Valente
1407 3083 1518 3152 imp.en
1533 3084 1724 3139 addesoentum

134 3165 237 3236 sulam]
254 3167 334 3220 Caeles
345 3167 409 3220 Car.
427 3168 438 3235 ΙΙ
454 3197 490 3207 -
500 3184 608 3237 quorum
622 3183 656 3218 ex
666 3176 909 3236 partensemoratus
952 3175 1098 3222 nonomen,
1122 3159 1243 3214 abdicato
1263 3159 1416 3229 eltxquentiae
1433 3160 1538 3224 studio,
1557 3167 1726 3232 conqueritur

132 3241 278 3296 detestator
289 3244 424 3296 audientes
436 3247 468 3296 li.
484 3246 495 3312 44
508 3273 545 3284 -
555 3243 601 3295 ubi
611 3255 638 3294 et
649 3243 770 3294 dominus
782 3253 909 3294 terrarum
952 3237 1077 3307 sophista.
1089 3237 1208 3288 Meminit
1220 3245 1247 3289 et
1258 3235 1381 3306 deinceps
1392 3240 1407 3288 J
1409 3239 1553 3290 ustininnus
1562 3238 1588 3288 in
1598 3239 1726 3292 eonstitu-

132 3320 433 3387 sedem-Antiochiam
441 3321 792 3390 tempestateimperatorisin
801 3321 910 3372 Oriente
953 3314 1023 3365 lione
1038 3313 1268 3380 6531111159.ΰῇ
1286 3315 1410 3383 Befyfflm
1432 3313 1562 3378 localilii
1581 3319 1629 3366 τῶν
1644 3319 1726 3385 rapat

133 3397 216 3450 tiens·
233 3408 260 3448 et
280 3399 409 3466 χειμάδωυ
430 3397 520 3460 susm
537 3395 610 3466 quod
622 3396 668 3447 hic
688 3407 851 3459 auctor-,non
864 3395 910 3449 hie
953 3389 1036 3453 πόλιν,
1053 3399 1079 3444 et
1100 3390 1128 3442 in
1151 3390 1338 3443 constitutione
1359 3390 1397 3442 ed
1416 3402 1585 3444 antecessores
1603 3395 1618 3458 s
1635 3411 1669 3460 7,Ι
1681 3393 1726 3453 ubi

135 3483 238 3526 tantum
260 3474 366 3543 prodit,
381 3475 565 3527 verumetiam
585 3491 648 3526 mox
662 3491 784 3534 rursum,
802 3472 848 3525 ubi
867 3491 909 3527 ra-
953 3469 1081 3524 nutricem
1099 3466 1184 3534 legum
1207 3477 1299 3528 vocat„
1309 3469 1375 3524 sicut
1388 3469 1521 3538 Eunapius
1535 3466 1560 3520 la
1575 3471 1627 3530 τοῖς
1645 3472 1726 3524 τοιού-

135 3552 234 3604 tionem
244 3551 349 3610 reddit,
360 3569 408 3603 cur
421 3552 567 3604 Antiochiae
584 3553 673 3604 omnia
688 3550 849 3619 voluptatum
863 3569 909 3604 seu
952 3563 1003 3605 τοις
1017 3545 1107 3614 tentius
1118 3543 1324 3613 satbtipacffil.
1340 3547 1463 3612 Agatbias
1477 3563 1503 3599 n.
1520 3546 1550 3598 15
1572 3563 1579 3598 ε
1595 3552 1667 3600 τοῦτο
1678 3549 1727 3620 γὰρ

137 3630 260 3684 ludnrnrn
274 3646 368 3698 genera
379 3629 583 3691 exhiberentur:
601 3627 746 3698 Quoniam,
758 3629 856 3697 iuquit,
870 3629 909 3682 ibi
953 3625 1053 3692 πάτριον
1066 3625 1097 3691 τῇ
1112 3620 1183 3676 πόλει
1200 3621 1242 3674 καὶ
1254 3623 1335 3692 ὥσπερ
1347 3623 1419 3690 γέρας
1433 3641 1456 3674 τι
1470 3623 1584 3690 μέγιστον
1602 3623 1632 3676 τὰ
1646 3629 1726 3678 medis

138 3706 279 3778 mmm
289 3705 368 3760 sedet,
387 3705 417 3758 ld
430 3708 508 3758 eriam
523 3716 633 3759 natatur
644 3706 768 3762 Liberatus
784 3705 910 3772 legatione
954 3699 1015 3768 αὐτῇ
1030 3698 1124 3754 ἀνεῖται
1138 3697 1308 3751 διδασκαλεῖα.
1330 3699 1440 3750 Nonnus
1457 3699 1565 3768 Dionys.
1587 3705 1630 3762 41,
1647 3701 1697 3770 396
1719 3719 1724 3752 :

136 3803 187 3856 pro
200 3785 366 3836 Antiochenis
382 3783 416 3836 ad
429 3784 561 3838 Julianum
582 3802 608 3854 p.
625 3783 684 3846 154.
695 3784 771 3834 Mora
780 3782 839 3834 haec
856 3785 911 3834 An·
954 3781 1074 3850 Βηρυτδς,
1091 3781 1183 3850 βιότοιο
1203 3780 1459 3850 γαληναίοιοτιθήνη,
1479 3789 1511 3832 et=
1524 3779 1572 3835 lib.
1593 3787 1624 3844 14
1639 3799 1645 3834 :
1661 3783 1728 3848 δίκης

136 3862 258 3914 tiochena
272 3863 436 3930 imperatoris
449 3879 510 3913 cum
522 3861 629 3914 nonnisi
641 3861 794 3912 substantio
811 3870 839 3912 et
857 3861 911 3912 Va-
953 3861 1024 3913 πέδον
1037 3857 1097 3910 ἄστυ
1111 3859 1242 3927 leplessis.
1260 3882 1272 3903 ι
1291 3857 1502 3910 Gornornnnus.
1518 3857 1529 3925 ΙΙ
1541 3887 1576 3898 -
1582 3876 1631 3928 per
1650 3879 1727 3930 quam

138 3939 201 3990 lenti
214 3938 356 3991 convenire
372 3939 467 4009 possit,
483 3939 565 4007 priori
578 3957 635 3990 sem
648 3937 788 3990 convenire
798 3937 825 3992 in
838 3939 906 3990 Pro·
953 3937 1041 3989 omnia
1058 3935 1164 4005 judicia
1184 3935 1364 4004 Romanorum]
1383 3959 1399 3980 ι
1414 3933 1567 3987 Adsessores
1581 3933 1699 4002 judicum
1713 3955 1728 3988 e

136 4013 276 4082 legumenis
289 4013 410 4067 ostendo.
424 4015 491 4066 Sane
501 4013 689 4068 deeonsnnttt
703 4010 764 4063 sede
779 4028 825 4062 seu
836 4029 910 4068 mora
953 4013 1021 4084 juris
1033 4014 1120 4066 schola
1134 4015 1312 4084 berytensium
1332 4011 1438 4082 prodire
1456 4013 1505 4075 nit,
1517 4013 1562 4080 qui
1577 4011 1671 4064 scilicet
1685 4014 1729 4082 ju-

135 4090 277 4142 hntiochiae
291 4093 368 4143 variis
383 4094 458 4143 annis
472 4094 600 4160 (putasn.
615 4090 674 4151 348.
693 4090 754 4157 339.
771 4089 831 4151 340.
848 4089 909 4151 341.
955 4093 1023 4144 dicia
1034 4093 1176 4144 omnia-seu
1182 4087 1406 4159 judieesdirigant
1413 4127 1422 4154 ,
1433 4089 1477 4158 qui
1487 4089 1678 4156 magistratibus
1684 4091 1728 4158 jus

136 4166 198 4228 342.
215 4168 276 4228 343.
297 4178 323 4220 et
342 4166 465 4236 deinceps
483 4170 561 4222 etiarn
581 4167 692 4234 114349
710 4176 737 4217 et
756 4169 818 4232 561)
831 4165 911 4218 iidem
954 4169 1131 4237 dictent,un
1147 4167 1208 4236 jura
1227 4169 1439 4236 interpretentur.
1457 4165 1612 4219 Adsesaores
1627 4167 1725 4219 seilicet

136 4241 198 4294 lacit
209 4243 344 4295 sel-codex
355 4245 570 4308 Theodosiacus,
581 4245 783 4297 AthanasiusDa
792 4243 909 4311 synodis,
954 4267 1000 4301 seu
1012 4249 1153 4302 consiliarii
1166 4249 1356 4316 magistratibus
1370 4248 1425 4317 (qni
1444 4247 1525 4300 lernm
1534 4247 1603 4317 juris
1614 4250 1728 4318 imperiti

135 4318 257 4371 1⁰5⁸ssOE
268 4323 343 4372 ΟΜ·
362 4338 375 4373 ¹
396 4338 425 4391 P·
443 4326 488 4383 65,
505 4322 630 4377 Libenius
642 4321 767 4390 Βασιλιιῷ
788 4320 823 4373 ad
841 4322 911 4374 Con·
954 4331 1041 4395 aaut)
1052 4325 1117 4395 juris
1130 4326 1263 4376 seientiam
1280 4324 1467 4393 suggerebant;
1480 4324 1515 4376 de
1534 4341 1590 4393 qun
1605 4324 1665 4378 vide
1681 4326 1726 4380 tit.

136 4399 261 4450 millium
275 4416 302 4467 P·
318 4414 378 4462 1²²,
393 4409 486 4452 auctor
499 4402 567 4456 Vllae
578 4400 651 4452 Pauli
664 4401 744 4469 episc·
759 4398 831 4468 apud
844 4398 912 4451 Pho·
955 4404 987 4456 de
997 4402 1148 4456 assessoris.
1162 4413 1189 4454 et
1199 4402 1247 4467 leg.
1261 4419 1285 4466 1,
1302 4403 1372 4472 quad
1379 4401 1487 4473 qumque
1496 4402 1579 4470 juris.
1594 4405 1628 4455 Et
1642 4412 1728 4454 motus

137 4476 219 4539 tium,
235 4478 396 4543 Augustinus
411 4482 451 4530 De
463 4497 583 4534 aeranem
597 4481 704 4534 Domini
717 4480 745 4530 in
760 4489 848 4530 monte
863 4478 909 4535 lib.
955 4483 1105 4534 animorum
1127 4479 1334 4549 mnpeuebmt.
1363 4478 1487 4532 Libanius
1508 4489 1576 4532 orat.
1594 4479 1655 4530 κατὰ
1680 4485 1729 4534 τῶν

138 4568 163 4614 1,
176 4568 204 4620 p.
223 4554 300 4616 152²,
310 4557 426 4608 Socrates
438 4574 467 4620 a,
476 4575 500 4610 c.
513 4557 538 4610 5.
554 4573 595 4611 ro.
608 4557 651 4609 13.
666 4562 709 4619 16,
718 4574 749 4609 ac
758 4549 912 4610 nominatim
955 4558 1167 4627 προσεδρευόντων
1181 4559 1233 4617 τοῖς
1246 4557 1351 4626 ἄρχουσι
1362 4573 1389 4626 p.
1413 4559 1462 4622 198
1475 4571 1484 4610 t
1495 4555 1544 4608 Tha
1557 4555 1584 4607 tt
1598 4553 1673 4624 houba
1688 4555 1730 4607 al-

135 4647 179 4684 an.
195 4632 257 4698 347,
272 4633 290 4684 i.
302 4650 328 4688 e.
342 4651 414 4686 aiano
426 4636 530 4706 imperii
544 4634 599 4704 ejus
612 4635 768 4698 undecimo,
781 4636 852 4686 testis
863 4636 912 4687 Ce-
956 4638 1008 4696 τοῖς
1021 4637 1084 4703 (τοῖς
1095 4633 1222 4705 ἄρχουσιν)
1234 4633 1364 4703 ἐπᾴδοντες
1374 4634 1487 4691 otnant
1500 4632 1589 4703 καὶτῷ
1604 4633 1668 4702 napis
1679 4640 1727 4686 τῶν

135 4707 232 4762 drcuus
245 4725 251 4760 :
263 4715 300 4778 τῷ
315 4709 349 4762 ια’
361 4711 411 4764 ἔτει
433 4713 604 4775 Κωνστάντως
617 4714 642 4766 ἐν
664 4713 800 4781 stetque
819 4714 912 4782 buiyns
955 4715 1080 4783 παρέδρων
1091 4713 1195 4784 χαλινῷ.
1212 4737 1225 4762 ι
1237 4715 1319 4767 herr.
1336 4715 1347 4781 ΙΙ
1357 4739 1394 4758 -··
1407 4710 1554 4781 viridanti]
1573 4713 1730 4766 ·Anarotius

136 4796 199 4850 ete,
214 4804 351 4855 quoanno
364 4788 435 4846 hunc
448 4790 562 4848 libellum
585 4795 762 4861 conscriptum
782 4790 915 4860 plancar-
956 4809 1018 4842 sane
1031 4791 1081 4842 sub
1093 4793 1246 4844 Constantio
1260 4793 1324 4860 imp.
1337 4789 1431 4843 exinde
1444 4789 1502 4844 luit.
1514 4791 1548 4843 V.
1560 4791 1693 4860 Eunapius
1703 4792 1730 4842 in

136 4861 230 4917 bitror.
246 4889 257 4910 ι
275 4868 489 4926 Gonnosnnnns.
956 4868 1098 4921 Proteresio
1108 4885 1134 4937 p.
1152 4872 1200 4934 149
1212 4884 1252 4936 eq.
1266 4891 1277 4912 ι
1291 4869 1374 4922 lnssr.
1392 4868 1402 4934 ΙΙ
1413 4895 1449 4906 -
1458 4865 1607 4920 custodiunt
1620 4885 1730 4938 proam-

171 4944 244 5006 554.
259 4945 291 4994 111
302 4945 324 4996 Β
334 4945 468 5013 legebatur
483 4958 619 5018 :potentes
635 4946 662 5000 in
678 4946 798 4998 amnibus
812 4946 911 5016 partis.
958 4943 1025 5012 cias]
1043 4967 1054 4989 ι
1068 4946 1106 4994 De
1118 4944 1287 4996 Antiochenis
1299 4943 1350 4996 hoc
1362 4945 1445 5014 ipsum
1460 4943 1548 5012 prodit
1567 4944 1690 4997 Libanius
1704 4946 1731 4996 in

140 5017 205 5067 Tam
216 5021 342 5082 Densus,
351 5039 409 5090 quae
418 5041 451 5075 ex
463 5024 642 5078 Aemeodsvi.
654 5027 820 5091 Quamquam
831 5021 913 5074 incilia
958 5021 1113 5074 Antiocbicn
1125 5039 1155 5091 p.
1166 5023 1228 5090 369.
1241 5046 1253 5068 ι
1267 5024 1351 5074 Inna.
1366 5023 1376 5087 ΙΙ
1388 5023 1448 5088 -s
1461 5025 1495 5072 nti
1511 5021 1676 5092 tetrdprlum]
1692 5023 1732 5073 De

137 5093 287 5162 conjectura
299 5109 339 5150 est
349 5098 487 5168 legendum
500 5118 557 5154 esse
571 5118 579 5154 ε
599 5101 626 5154 in
637 5099 757 5154 menium
772 5099 911 5170 portubus.
957 5101 1074 5154 Caesarie
1081 5101 1257 5154 monumentis
1265 5099 1518 5169 urbisquebquapss
1531 5100 1627 5152 multus
1640 5111 1677 5152 est
1689 5103 1732 5152 lo-

141 5175 207 5225 Tum
219 5177 335 5244 Berytus.
959 5177 1055 5246 sophus
1068 5182 1127 5230 Ant.
1143 5175 1617 5246 1445.15,9,6;Β.1ιι(1.ι,αι,5;
1632 5195 1655 5242 1,
1667 5193 1694 5240 a,
1704 5177 1729 5240 5;
