3884 5925
262 494 300 545 νο
871 486 1044 549 DlONYSll
1070 490 1254 551 Brztnrtt

257 618 376 673 nardum
392 621 485 674 urbem
506 624 576 675 intus
594 620 734 692 prooederc
748 621 781 673 ad
796 620 877 675 stadia
897 626 1038 693 octoginta.
1084 644 1163 697 parra
1179 646 1239 699 pars
1257 630 1337 682 maris
1357 631 1459 683 circum
1479 630 1572 683 urbem
1586 632 1614 683 in
1626 642 1723 685 ῑοπαιτι
1743 649 1867 685 conr-rsa

259 706 337 759 binus
351 707 461 761 altitudo
473 710 543 762 varia
551 730 559 773 ;
576 728 635 762 nam
650 710 683 762 ab
698 712 765 762 ostio
777 708 810 762 ad
825 710 941 763 modium
952 715 1039 765 sinum
1084 728 1150 769 esset
1170 716 1234 787 palis
1251 717 1279 770 io
1296 718 1408 770 circuitu
1426 716 1519 771 deliris
1538 716 1648 771 edificia
1665 720 1866 773 sustinentibus.

257 808 388 865 nusquam
407 796 493 847 minor
509 794 606 848 dicitur
629 797 718 863 viginti
739 796 871 866 passibus,
893 798 938 849 ubi
954 798 1041 851 multis
1085 804 1186 856 Verum
1199 816 1273 857 uter
1288 804 1329 857 his
1342 805 1415 857 sinus
1427 805 1788 868 aticuhicoamutuatuenr,
1805 824 1868 877 pro·

257 872 322 934 toul
335 878 437 933 excedit
448 880 671 949 triginta,alicubi
679 880 850 951 quadraginta
862 894 906 936 aut
917 884 1038 955 amplius.
1085 888 1153 941 lecto
1178 906 1231 941 noo
1250 891 1340 942 minus
1361 890 1509 961 profundus
1529 890 1614 944 factm
1630 902 1685 956 est,
1701 902 1781 962 atque
1802 892 1869 945 adeo

258 964 326 1017 Cum
338 975 425 1019 autem
441 965 509 1018 ultra
523 966 673 1036 Byrantium
689 969 813 1037 processit
832 986 915 1039 nsque
928 970 961 1021 ad
974 972 1040 1023 ostia
1085 977 1166 1045 magis
1184 985 1342 1045 portuosus,
1360 987 1390 1028 ut
1413 978 1486 1029 naris
1505 977 1619 1048 appulsae
1630 980 1727 1049 puppis
1740 995 1814 1029 mare
1830 980 1870 1030 io·

259 1050 414 1113 ssmninum,
438 1050 532 1121 partim
550 1050 661 1104 vadosus
676 1064 713 1104 est
737 1054 831 1123 partim
853 1056 992 1124 palustris,
1012 1068 1040 1109 ut
1084 1072 1198 1127 tucatur,
1211 1081 1289 1133 prora
1302 1080 1365 1115 vero
1377 1074 1454 1116 terrae
1464 1064 1588 1129 assideat,
1604 1065 1673 1117 velut
1684 1074 1798 1135 utroque
1816 1064 1869 1117 cle·

259 1136 435 1188 navicularum
457 1154 548 1189 cursus
567 1136 696 1206 dirigatur
715 1140 779 1209 palis
800 1138 857 1191 lixis
878 1141 1040 1209 signantibus
1085 1162 1175 1203 mento
1193 1153 1261 1203 inter
1269 1170 1301 1205 se
1318 1161 1450 1216 certante,
1463 1163 1553 1205 utrum
1565 1153 1738 1223 magispossit
1751 1152 1812 1223 urin
1827 1154 1869 1204 in·

258 1234 357 1293 partem
380 1222 560 1291 navigabilem.
580 1226 671 1277 Primo
686 1228 755 1277 enim
769 1238 866 1296 syrtes,
882 1226 979 1280 deinde
993 1247 1039 1299 pa·
1084 1238 1189 1288 saraim.
1204 1239 1254 1289 Hie
1273 1239 1345 1289 sinus
1365 1256 1457 1290 omnes
1473 1250 1565 1308 portus
1582 1239 1661 1291 maris
1680 1236 1870 1290 commoditate

256 1308 329 1360 lmlcs
342 1318 368 1361 ct
386 1308 508 1379 permulti
526 1310 610 1380 euripi
628 1310 821 1363 circumdantes
841 1313 979 1383 plusquam
992 1316 1039 1367 tri·
1084 1324 1231 1396 applicandi
1253 1333 1370 1395 pmcn„
1386 1326 1413 1376 in
1428 1336 1527 1378 ceteros
1541 1327 1613 1378 enim
1631 1344 1722 1378 omna
1734 1336 1828 1396 portus
1845 1326 1869 1377 ri

256 1395 326 1461 girrta
348 1394 482 1447 insululas.
501 1395 574 1448 Illius
589 1396 708 1448 similiter
729 1396 839 1449 latitudo
856 1400 925 1450 varin
945 1410 993 1451 est.
1008 1402 1040 1452 In

257 1482 374 1534 lancibus
386 1482 444 1552 plus
461 1483 547 1534 minus
564 1502 608 1535 sex
628 1482 717 1535 stadiis
733 1493 816 1553 patet;
837 1483 932 1537 deinde
950 1486 1040 1556 paula-

256 1568 302 1620 tim
319 1568 455 1636 stringitur
470 1585 551 1637 usque
565 1566 598 1619 ad
612 1566 724 1622 mediam
740 1568 872 1633 Galatam,
888 1570 932 1622 ubi
947 1573 975 1623 in
987 1583 1039 1644 sta-

183 1712 185 1717 .
257 1650 301 1704 dia
317 1650 394 1722 paulo
415 1653 473 1721 plus
496 1653 545 1704 tria
568 1662 726 1715 coarctatur,
744 1668 802 1722 qua!
822 1654 927 1704 arctiori
950 1665 1040 1708 catena

256 1736 342 1789 claudi
354 1739 455 1807 possint
466 1754 544 1807 quam
555 1737 630 1789 latior
639 1735 696 1806 ejus
709 1737 796 1789 alvens
809 1739 876 1789 inter
888 1740 1038 1810 Acropolim

256 1836 280 1877 ct
289 1824 406 1877 Galatam
418 1826 492 1889 situs,
505 1836 596 1877 contra
607 1825 720 1877 bostium
731 1843 808 1877 naves
821 1824 881 1878 olim
895 1830 1038 1897 constringi

256 1912 353 1963 catenis
370 1911 470 1964 solitus.
494 1913 585 1983 Neque
602 1911 681 1964 modo
704 1914 840 1965 tormentis
862 1912 958 1966 bellicis
978 1933 1039 1968 saxa

255 1999 435 2056 emittentibus
452 2016 484 2053 ex
498 2010 611 2069 utroque
634 1999 738 2064 littore,
756 1998 802 2051 sed
820 2000 897 2052 etiam
913 2002 1039 2053 machinis

255 2085 343 2153 iguem
357 2083 486 2154 liquidum
499 2084 720 2155 profundentibus
733 2085 840 2137 hostiles
858 2104 936 2139 naves
953 2087 987 2139 ab
998 2088 1039 2139 bis

255 2172 328 2227 aditu
343 2173 446 2237 arceri,
466 2183 544 2241 atque
557 2174 634 2247 etiam
649 2173 723 2225 exuri
745 2173 804 2241 igne
817 2172 943 2243 speculari
963 2192 1039 2243 posse

255 2257 445 2311 detnoostmvit
456 2258 572 2325 Paetus,
594 2270 673 2329 quem
686 2258 778 2311 dicunt
793 2259 898 2329 specula
911 2260 1036 2327 ignifera,

255 2362 313 2412 quae
333 2345 387 2414 ipse
406 2343 546 2397 fabricatus
564 2355 645 2407 esset,
658 2362 691 2395 es
706 2362 783 2397 muro
799 2345 1038 2417 Constantinopolis

255 2429 410 2501 appendisse
434 2431 526 2481 contra
549 2448 626 2481 naves
648 2429 771 2495 hostiles,
789 2447 847 2500 quae
868 2431 908 2483 bis
928 2434 1039 2502 speculis

256 2518 342 2584 iguem
366 2514 547 2569 casularibus
570 2515 649 2567 radiis
671 2508 847 2586 concipientes
870 2518 897 2568 in
923 2535 951 2571 se
971 2518 1039 2588 ipsas

254 2600 401 2671 projectum
416 2602 624 2671 conflagrarunt,
638 2613 716 2672 atque
736 2614 866 2660 vectores:
881 2604 954 2673 quod
975 2604 1038 2657 olim

255 2687 323 2739 Dion
345 2686 530 2741 Archimedem
549 2690 706 2757 excogitasse
728 2700 833 2753 narrat,
858 2689 1039 2745 obsidentibus

251 2774 392 2843 ¹Syracusas
417 2777 551 2829 Romanis.
584 2777 704 2845 Denique
724 2778 797 2829 sinus
823 2778 870 2831 ubi
898 2779 1037 2831 latissimus

255 2869 314 2923 est,
330 2878 374 2913 sex
393 2860 476 2915 stadia
499 2879 552 2915 eon
573 2860 685 2915 excedit.
700 2863 754 2915 Nec
773 2861 885 2915 dubium
901 2874 958 2928 est,
973 2866 1038 2934 quin

255 2944 317 2998 clim
342 2944 418 3000 latior
431 2957 511 3012 esset,
535 2946 674 3018 pluresque
694 2966 811 3002 recessus
828 2948 935 3003 haberet
959 2967 1039 3020 quam

255 3049 326 3086 nunc
340 3033 432 3098 babet,
445 3045 590 3088 coarctatus
601 3036 731 3088 emissitiis
740 3039 918 3106 purgamentis
928 3037 1039 3091 assiduis

254 3127 280 3170 rt
296 3118 534 3172 substructionibus
552 3118 733 3174 edificiorum.
746 3123 786 3174 Ne
803 3123 863 3192 quis
880 3123 1001 3187 miretur,
1016 3125 1037 3176 si

255 3205 344 3255 rninus
356 3204 445 3256 Cornu
457 3207 564 3257 cervino
584 3206 675 3258 similis
688 3207 736 3270 sit,
748 3208 888 3278 minusque
902 3210 927 3260 in
942 3209 1038 3262 multos

256 3290 328 3340 sinus
349 3290 475 3358 perinde,
500 3301 531 3342 ut
557 3293 584 3342 in
610 3309 697 3344 ramos
717 3292 863 3362 quosdam,
892 3305 922 3346 ut
944 3294 1037 3348 Strabo

256 3377 301 3443 (p.
323 3375 392 3443 320)
403 3376 453 3440 ait,
465 3375 609 3440 scindatur,
623 3377 650 3428 in
665 3394 731 3445 quos
750 3379 880 3448 inuentos
897 3379 1037 3449 pelamides

255 3460 400 3528 capiantur.
420 3462 486 3518 Nam
506 3478 566 3513 cum
587 3479 617 3521 es
633 3461 756 3528 sublicis,
774 3481 839 3532 quas
857 3463 961 3516 crebras
983 3464 1036 3517 vidi

253 3548 360 3600 immitti
379 3557 405 3599 ct
422 3546 501 3615 defigi
525 3548 551 3598 io
573 3547 660 3601 littore
681 3549 754 3602 sinus
768 3551 795 3602 in
815 3549 1036 3604 substructionem

250 3631 424 3686 :edificiorum
438 3643 516 3702 atquc
533 3632 655 3686 adoram
672 3637 751 3688 maris
771 3635 934 3690 efficiendam
955 3639 1037 3707 magis

253 3731 415 3788 portuosum,
429 3731 485 3772 tum
500 3738 531 3772 ex
546 3722 674 3791 Dionysio
685 3724 810 3791 Byzantio
826 3725 958 3794 percipio,
973 3725 1037 3778 alios

247 3825 370 3860 racemus
385 3807 513 3877 aliamque
524 3825 599 3860 oram
620 3807 683 3860 olim
703 3808 782 3862 luisse
796 3827 874 3879 quarn
889 3828 961 3862 nune
978 3822 1034 3875 est,

254 3906 310 3946 tum
326 3913 357 3948 ex
375 3896 481 3948 Zosimo
501 3895 539 3966 (a,
557 3896 606 3967 35)
619 3934 627 3960 ,
642 3896 688 3965 qui
703 3907 763 3948 ante
779 3897 849 3950 mille
864 3916 947 3951 annos
971 3900 1036 3951 scri·

1084 1428 1218 1462 remorum
1233 1422 1279 1463 aut
1299 1422 1437 1464 ventorum
1452 1413 1590 1482 applicatio
1610 1413 1657 1476 lit,
1677 1413 1705 1463 in
1726 1411 1800 1463 illum
1812 1413 1869 1462 sine

1085 1498 1178 1561 ventis,
1188 1498 1245 1549 sine
1256 1498 1345 1563 remis,
1356 1498 1480 1551 naturalis
1491 1510 1516 1550 et
1525 1500 1647 1569 perennis
1656 1501 1765 1569 Bospori
1776 1517 1870 1550 cursus

1085 1600 1163 1635 naves
1177 1581 1279 1636 inducit
1299 1596 1326 1637 ct
1344 1583 1448 1637 reducit
1463 1596 1484 1636 ².
1499 1588 1641 1655 Postquam
1657 1587 1728 1637 enim
1742 1603 1823 1637 navas
1836 1586 1870 1637 ad

1085 1666 1162 1737 hujus
1177 1669 1273 1721 ostium
1291 1668 1445 1740 aditumque
1464 1681 1643 1733 accesserunt,
1658 1669 1754 1722 deinde
1768 1670 1869 1741 absque

1084 1754 1272 1823 gubernatione
1285 1765 1348 1809 eunt
1365 1766 1391 1809 et
1402 1774 1448 1808 sua
1460 1768 1553 1827 sponte
1565 1757 1598 1809 ad
1609 1768 1715 1827 portum
1734 1759 1870 1829 appellun-

1086 1857 1144 1911 tur;
1163 1855 1233 1902 tolus
1246 1850 1316 1900 enim
1328 1850 1400 1901 sinus
1412 1860 1504 1919 portus
1517 1860 1566 1902 est.

1119 1936 1152 1986 Et
1166 1934 1220 1986 hacc
1232 1934 1338 2005 quidem
1350 1935 1383 1987 ab
1395 1936 1470 1988 initio
1481 1934 1591 2005 Bospori
1605 1934 1638 1986 ad
1652 1934 1732 1987 finem
1742 1935 1869 1989 deorsum

1084 2020 1555 2088 versrngcoeratimdixi;nuncoram
1563 2020 1869 2092 maritimamperpartes

1083 2104 1228 2157 describam
1243 2124 1257 2157 a
1271 2105 1323 2158 fine
1332 2106 1427 2159 littoris
1440 2108 1562 2177 Europaei
1576 2124 1679 2159 sursum
1693 2106 1727 2159 ad
1746 2108 1867 2172 initium,

1083 2191 1155 2261 quod
1175 2203 1215 2243 est
1233 2191 1266 2243 ad
1282 2192 1406 2261 Cyaneas.
1444 2191 1510 2244 Inde
1528 2192 1652 2244 deorsum
1674 2192 1868 2245 Chalcedonam

1083 2294 1182 2349 usque,
1194 2276 1315 2329 imitatus
1329 2277 1463 2349 Anaplum
1476 2277 1606 2347 Dionysii,
1617 2277 1868 2350 'quampotissimum

1082 2380 1182 2434 sequor,
1199 2362 1369 2433 blenippique'
1379 2374 1406 2415 et
1417 2364 1521 2415 Arriani
1533 2362 1696 2433 aliorumque
1709 2363 1828 2433 Periplos
1841 2365 1868 2414 in

1082 2448 1244 2501 declarandis
1266 2448 1419 2501 nominibus
1441 2449 1560 2501 locorum
1577 2450 1704 2521 antiquis,
1724 2466 1784 2518 quae
1807 2466 1868 2499 cum

1083 2535 1228 2605 respublica
1251 2535 1436 2604 Byzantiorum
1455 2534 1576 2597 floreret,
1599 2534 1625 2586 in
1643 2552 1692 2585 usu
1711 2544 1786 2586 erant
1806 2544 1868 2585 aute

1084 2621 1170 2673 Severi
1185 2620 1284 2672 ruinas.

1298 2898 1416 2959 LIBER
1437 2896 1650 2959 SBCUNDUS.

1083 3057 1105 3107 1.
1122 3058 1161 3106 De
1174 3053 1285 3126 Bospori
1298 3072 1345 3105 ora
1356 3057 1499 3125 Ertmpaa,
1515 3055 1619 3123 ty'usqne
1632 3051 1697 3106 locis
1718 3053 1791 3106 iotm
1807 3058 1868 3106 Con·

1331 3139 1529 3212 staatinopolim
1545 3139 1617 3192 sito.

1117 3291 1225 3359 Bospori
1246 3290 1312 3342 latus
1329 3291 1487 3360 Europaeum
1507 3289 1536 3339 in
1555 3287 1651 3356 angulo
1675 3286 1790 3350 desinit,
1812 3305 1867 3357 quo

1082 3374 1156 3427 urbis
1169 3375 1235 3426 latus
1249 3374 1344 3426 orienti
1355 3373 1502 3443 expositum
1519 3372 1631 3423 llectitur
1643 3370 1675 3422 ad
1690 3387 1828 3433 oceasum,
1843 3381 1869 3421 et
1918 3406 1919 3409 ι

1083 3460 1225 3531 Propontis
1249 3461 1342 3530 incipit
1364 3459 1467 3510 allicere
1489 3458 1556 3510 latus
1582 3457 1656 3509 urbis
1679 3457 1868 3509 meridianum.

1082 3547 1165 3600 Simul
1185 3557 1211 3599 et
1228 3545 1262 3598 ab
1281 3545 1375 3598 eodem
1394 3546 1464 3596 flexu
1478 3543 1552 3595 urbis
1563 3542 1630 3595 latus
1646 3542 1679 3594 ad
1697 3553 1789 3594 ortum
1807 3543 1868 3594 solis

1081 3646 1200 3705 spectans
1221 3635 1312 3704 incipit
1329 3630 1472 3703 procedere
1485 3630 1519 3682 ab
1539 3647 1631 3682 occasu
1650 3628 1732 3680 ferme
1754 3629 1867 3680 brumali

1082 3719 1115 3773 ad
1129 3731 1216 3772 ortum
1231 3719 1389 3772 solstitialem
1402 3719 1433 3770 in'
1441 3716 1631 3786 longitudinem
1643 3717 1700 3788 pius
1711 3717 1803 3768 minus
1819 3718 1867 3766 mi-

1082 3806 1148 3858 liarii
1163 3823 1245 3875 usque
1262 3804 1296 3858 ad
1311 3806 1381 3873 tigna
1393 3806 1420 3856 in
1438 3803 1570 3874 speculam
1582 3802 1683 3854 sublata
1702 3803 1864 3871 piscatormn

1082 3895 1225 3962 regiorum.
1248 3893 1351 3944 Deinde
1369 3892 1481 3962 amplius
1502 3902 1615 3960 quatuor
1638 3889 1729 3941 stadiis
1746 3889 1833 3960 pergit
1852 3909 1865 3940 a

253 3983 304 4050 psit
315 3997 397 4050 risque
409 3980 476 4034 adeo
494 3981 586 4034 urbem
604 3983 749 4034 excrevisse
762 3982 901 4036 hominum
918 3984 1036 4038 multitu·
1082 3981 1192 4035 meridie
1213 3980 1246 4033 ad
1269 3982 1473 4052 septentrionem
1495 3978 1528 4032 ad
1548 3978 1723 4049 promontorii
1745 3978 1866 4046 Bosporii

241 4065 468 4128 .tlitte,›tttetiam
484 4067 512 4120 in
526 4064 589 4120 loris
610 4067 897 4136 angustehabitarent¹
909 4108 917 4133 ,
937 4080 964 4123 et
982 4088 1037 4123 non
1081 4079 1196 4122 rostrum
1211 4085 1356 4138 usquequo
1369 4069 1501 4155 Bosporus
1512 4065 1641 4119 scinditur
1654 4067 1681 4117 in
1691 4063 1758 4116 duas
1768 4075 1864 4134 partas,

1782 4205 1855 4215 -ι-η

244 4272 354 4326 'crcedit
364 4273 448 4328 stadia
462 4273 645 4344 quadraginta,
660 4277 705 4345 qui
722 4293 847 4328 numerus
863 4277 891 4328 io
908 4277 1038 4349 Procopio
1081 4275 1144 4338 κὲςύ
1163 4274 1253 4336 κόλπος
1269 4271 1352 4338 οὗτος,
1373 4273 1415 4326 καί
1434 4271 1613 4326 ἀναθολούσθαι
1630 4271 1726 4342 ούδαμῆ
1750 4273 1864 4340 &aare

252 4354 307 4403 sive
320 4353 434 4404 auctoris
447 4354 501 4404 sire
518 4351 687 4405 librariorum
702 4369 791 4404 errore
807 4351 841 4404 ad
855 4352 985 4406 ambitum
1000 4357 1036 4406 si·
1081 4355 1162 4423 ὥσπερ
1183 4345 1257 4423 θρίων
1278 4358 1314 4423 τῷ
1335 4351 1441 4404 κλύδωνι
1458 4351 1609 4420 κειμένων...
1633 4351 1759 4420 Χειρῶνος
1781 4351 1819 4418 δὲ,
1836 4353 1863 4400 ἂν

253 4447 304 4483 nus
321 4431 441 4487 relcrtur.
464 4435 565 4488 Contra
586 4431 668 4485 stadia
688 4433 820 4500 octoginta
833 4447 892 4502 quae
908 4433 1037 4488 lacobus
1081 4433 1146 4486 ούτω
1166 4435 1245 4504 τύχη,
1264 4432 1305 4484 καί
1321 4430 1417 4502 ἀνέρων
1435 4431 1547 4499 σκληρῶν
1566 4433 1618 4490 τοῖς
1634 4447 1659 4482 τε
1679 4429 1800 4499 πελάγεσι
1825 4431 1866 4481 καί

253 4509 331 4561 habet
342 4548 350 4571 ,
363 4527 416 4562 non
428 4511 462 4563 ad
481 4509 670 4580 longitudinem
678 4511 769 4574 sinus,
787 4509 832 4563 sed
844 4509 878 4563 ad
898 4511 1037 4565 circuitum
1081 4517 1117 4582 τῷ
1127 4514 1231 4582 πορθμῷ
1242 4510 1416 4575 ἐπιπεσόντων,
1431 4509 1528 4563 ἐπειδὰν
1542 4508 1576 4570 εἰς
1589 4507 1633 4573 τὴν
1646 4509 1743 4560 εἴσοδον
1760 4509 1864 4561 ἵκωνται

254 4587 394 4658 pertinent.
1081 4595 1124 4643 τοῦ
1136 4590 1229 4644 κόλπον
1249 4590 1274 4642 σί
1289 4592 1354 4654 νέες,
1377 4588 1535 4659 ἂκυύέρνητοί
1549 4607 1577 4641 τε
1596 4589 1625 4641 ab
1637 4587 1725 4640 λοιπον
1740 4585 1808 4652 ἴασι,
1824 4589 1864 4639 καὶ

292 4665 561 4732 1.Insurt'sangtarte
578 4665 1035 4738 lubitamat1Zosimusitahabet:
1081 4667 1281 4740 ἂπρούονλεύτως
1299 4669 1452 4739 ὁρμίζονται.
1478 4673 1633 4739 Anonymus
1647 4669 1674 4720 io
1689 4669 1742 4720 rita
1754 4669 1863 4720 ,loannis

253 4743 302 4804 Τδις
315 4741 502 4808 σίκησειςούτως
515 4742 580 4798 εἶναι
593 4749 765 4816 συνεχώρησαν
779 4748 906 4815 συνεχεῖς,
920 4747 1037 4800 ὥστεκαὶ
1081 4749 1169 4802 Aeacii
1183 4749 1346 4817 aDumngio
1361 4747 1501 4802 laudatus:
1519 4747 1568 4799 Τού
1582 4765 1612 4816 γε
1627 4743 1674 4815 μὴν
1685 4743 1788 4816 λιμένος
1796 4746 1861 4798 θέσιν

254 4820 423 4890 οἰκουροῦντες
444 4822 485 4874 καὶ
507 4819 532 4874 ἓν
547 4825 601 4885 ταῖς
621 4823 723 4894 ἀγοραῖς
736 4823 852 4894 (ἀγυιαῖς
868 4843 893 4878 v.
916 4823 948 4894 l.)
966 4826 1037 4886 ὄντας
1081 4845 1106 4880 τε
1115 4827 1157 4880 καί
1166 4826 1257 4888 κάλλος
1270 4827 1311 4880 καί
1325 4827 1439 4896 μέγεθος,
1459 4825 1501 4878 καί
1515 4825 1548 4886 ὡς
1561 4821 1587 4878 εὖ
1603 4823 1646 4896 μὲν
1658 4830 1707 4876 τῶν
1725 4825 1810 4893 lippara
1823 4824 1863 4876 ari

254 4901 460 4968 otarogupaiollat
470 4901 524 4962 τούς
539 4901 627 4968 ταύτης
641 4901 782 4972 οἰκήτορας,
798 4901 839 4954 καί
851 4901 912 4971 μετὰ
925 4904 1037 4956 κινδύνου
1081 4907 1187 4976 νεωρίων
1208 4903 1275 4975 ἔχει,
1291 4905 1333 4958 καί
1351 4908 1394 4971 τῆς
1407 4905 1486 4972 ἄλλης
1500 4907 1651 4969 κατασκευῆς
1666 4903 1708 4954 καί
1720 4903 1806 4972 χρείας
1822 4903 1863 4952 καί

255 4978 361 5046 Ιβαδίζειν
381 4977 420 5028 διὰ
435 4977 478 5042 τὴν
492 4984 540 5031 τῶν
556 4978 689 5048 ἀνθρώπων
701 4981 742 5032 καί
762 4982 832 5041 ζώων
852 4981 1034 5048 πολυπληθίαν.
1081 4988 1123 5049 τῆς
1142 4982 1166 5046 ἐξ
1179 4984 1260 5054 ἄκρων
1281 4983 1313 5045 είς
1332 4983 1394 5053 ἄκρα
1411 4984 1558 5046 διαθέσεως,
1580 4982 1639 5035 ὥσθ’
1661 4980 1803 5050 ὁλόκληρον
1830 4981 1862 5040 ὡς

258 5056 412 5127 Ἐπεγαυύθη
426 5056 452 5109 δὲ
468 5057 560 5123 καὶτῆς
577 5057 631 5127 περί
644 5057 718 5124 αὐτὴν
732 5060 856 5126 θαλάσσης
871 5059 914 5112 oba
931 5059 1034 5132 ὀλίγον,
1080 5060 1176 5128 ἀληθῶς
1186 5062 1310 5114 θάλασσαν
1325 5061 1430 5126 ἐξεῖναι,
1445 5060 1478 5132 μὴ
1490 5062 1592 5132 λίμνην,
1607 5061 1703 5115 καλεῖν·
1720 5060 1771 5113 ἔνθ’
1793 5059 1860 5129 εὖγε-

252 5135 339 5190 πάλων
355 5135 438 5206 κύκλῳ
452 5137 579 5206 ποιγίντιιιν
593 5137 846 5208 καίοῖκοδογκημιίτων
863 5139 944 5201 αὺτοῖς
957 5139 1036 5194 ἔπιτε·
1079 5140 1121 5211 ρὴς
1135 5142 1178 5211 μὲν
1199 5141 1343 5205 ύέκπλονς,
1370 5141 1538 5211 εύχερέστερος
1554 5141 1580 5193 δὲ
1600 5141 1614 5192 d
1634 5137 1786 5201 κατάπλους,
1805 5137 1862 5189 ἔνθα

255 5217 359 5276 θέντων,
371 5215 387 5266 ἃ
397 5215 437 5266 καὶ
449 5215 504 5266 καθ’
519 5213 592 5267 ίαυτδι
601 5215 673 5268 πόλιν
688 5216 879 5287 ἀρκεῖμεγάλην
890 5218 1026 5289 πληρῶσαι.
1079 5221 1192 5291 γαλήνην
1206 5222 1307 5291 βαθεῖαν
1326 5221 1404 5290 εύρεῖν
1423 5220 1489 5273 ἔστιν
1506 5221 1550 5272 κᾶν
1566 5222 1618 5280 ταῖς
1638 5218 1751 5278 θυέλλαις
1765 5218 1807 5270 καί
1819 5235 1861 5268 κα-

291 5309 316 5345 a.
331 5295 365 5348 V.
379 5293 523 5364 Procopius
537 5293 570 5346 de
582 5294 651 5348 adil.
673 5312 695 5359 ι,
711 5284 729 5348 d
742 5315 748 5350 ι
771 5295 905 5368 Πραύνεται
915 5298 940 5349 δὲ
954 5299 1035 5365 διηνε-
1079 5301 1195 5372 ταιγίσιν,
1209 5301 1249 5352 dre
1262 5300 1303 5352 καί
1316 5299 1346 5352 alr
1358 5303 1400 5364 τῆς
1410 5303 1456 5369 γῆς
1468 5298 1716 5370 θεμέλιακλονεῖσθαι
1728 5298 1808 5352 δοκεῖ.
