3884 5925
226 410 281 463 828

223 527 398 607 έξαλλομένας
413 526 545 609 χορεύειν,
566 524 634 585 ὥστε
655 529 681 585 ἐν
696 524 780 600 τούτῳ
795 523 839 583 καί
854 522 912 589 τούς
924 524 1000 603 Θρᾷ-

222 644 270 692 κας
293 618 371 681 είκειν
387 620 477 683 αὗταῖς
489 616 534 674 καί
553 614 612 683 rob<
626 614 734 689 Ἰνδούς,
749 614 834 673 καίτοι
849 615 894 671 καὶ
910 614 1003 678 αύτούς

222 706 349 789 κατόχους
371 706 447 773 ὄντας
460 708 498 784 τῷ
520 702 654 782 Διονύσῳ,
675 704 720 765 καί
743 704 813 763 πάνυ
835 704 1005 781 ὀργιάζοντες

224 799 307 875 αύτῷ.
350 794 384 853 Ὁ
400 792 427 851 di
447 793 604 873 Γεονγράφνς
625 792 670 851 καί
687 792 757 870 ἱερὸν
776 784 843 850 είναι
861 792 931 868 λέγει
946 815 1004 859 ταις

196 908 209 945 t
222 882 322 961 γυναιξί
333 886 389 939 τῶν
401 880 542 955 Ἀμνιτιῗιν,
564 880 630 959 θ’περ
645 879 706 937 κατ’
719 880 836 939 ίνιαυτδν
851 881 1005 955 ἀποστεγά-

223 976 312 1039 ζουσαι
322 970 469 1045 αὐθημερὸν
482 966 560 1024 πάλιν
570 969 622 1045 πρὸ
633 966 729 1031 δύσεως
740 966 815 1037 ἡλίου
825 964 1003 1041 στιγάζουπιν,

223 1054 336 1127 ἑκάστης
355 1052 458 1135 φορτίον
475 1052 660 1134 ἐπιφερούσης,
679 1052 742 1134 ὅπερ
757 1054 800 1111 ε’διν
819 1052 929 1131 ἐκπέσῃ,
944 1054 1003 1109 δια-

223 1146 312 1201 σπῶσι
328 1140 464 1216 μανιωδῶς
477 1140 525 1210 τὴν
539 1142 678 1220 φέρουσαν.
722 1139 819 1203 Ἰστέον
836 1140 863 1199 δὲ
878 1138 918 1199 ὅτι
933 1138 1004 1199 έννύ·

223 1252 270 1308 χια
286 1232 322 1308 τῷ
336 1226 453 1307 Διονύσῳ
464 1230 597 1287 tritomo
610 1227 644 1286 τά
655 1228 805 1307 μυστήρια,
817 1226 881 1307 πρὸς
894 1224 1005 1305 αἴνιγμα

187 1341 210 1377 ιιι
224 1322 269 1375 τοῦ
284 1318 337 1374 δεῖν
355 1315 413 1382 τοὺς
424 1314 545 1381 πίνοντας
560 1315 730 1395 ίπικρύπτειν
743 1316 788 1373 τὸν
803 1306 885 1390 οἶνον,
901 1314 947 1373 καί
966 1316 1003 1388 μὴ

224 1407 248 1470 ές
264 1394 396 1481 προῦπτον
417 1406 578 1481 ἀσχημονεῖν
594 1404 774 1479 κωμάζοντας·
789 1402 806 1473 ἢ
821 1404 866 1461 καί
891 1402 933 1460 διά
956 1401 1004 1473 τὴν

225 1490 340 1563 σπουδὴν
353 1496 398 1547 τοῦ
410 1489 579 1564 ταμιεύεσθαι
595 1488 639 1549 τὀν
653 1479 720 1550 οἶνον
733 1488 779 1548 καί
794 1490 955 1569 κρύπτεσθαι
968 1494 1004 1557 ὡς

225 1580 260 1644 εἷς
272 1576 429 1636 παλαίωσιν.
471 1577 519 1636 Διὸ
535 1576 579 1637 καί
598 1580 725 1658 Οἶκουρὸς
745 1580 870 1645 Διόνυσος
888 1578 1003 1656 ἐλέγετο.

224 1666 263 1727 Τό
279 1664 306 1723 δέ
325 1665 393 1730 ἔθνος
413 1668 437 1723 οἱ
452 1664 575 1743 Ἀψίνθιοι
588 1666 640 1724 ἀπὸ
656 1673 778 1742 ποταμοῦ
792 1667 892 1725 ἐοίκασι
907 1670 1003 1736 κεκλῆ-

186 1772 211 1809 ta
225 1760 284 1810 σθαι
299 1752 426 1830 Ἀψίνθου.
469 1754 544 1825 utqui
558 1752 633 1833 γάρὸ
647 1754 793 1824 Διονύσιος,
808 1779 819 1805 r
831 1752 948 1833 Θρήικος
962 1753 1004 1811 ἐπ’

225 1842 300 1918 ᾐόσιν
315 1840 445 1919 Ἀψίνθου.
461 1868 472 1893 ι
488 1846 558 1919 Διχῆ
573 1840 600 1899 δέ
610 1843 751 1921 γράφεται,
767 1842 811 1901 καί
822 1842 916 1903 titini
931 1866 945 1899 υ
960 1841 1005 1901 καί

226 1927 268 1985 διά
280 1933 353 1987 ποθι·
367 1931 402 1995 ὡς
416 1928 462 1987 καί
474 1930 503 1987 τό
518 1928 633 2008 ιἰψίνθιον
647 1932 676 1990 τὸ
692 1930 788 2010 φυτὸν,
803 1930 871 1990 καθά
886 1954 964 2011 φασιν
980 1933 1005 1990 oi

227 2016 347 2077 παλαιοί.
393 2016 432 2075 Τὸ
451 2018 477 2074 δὲ
492 2019 546 2075 εὖοί
560 2019 620 2077 tim
636 2018 814 2100 ἀναφωνήσεις
829 2010 905 2092 ἦσαν,
918 2023 953 2085 ὡς
966 2019 1005 2078 εἴ·

210 2174 216 2185 ·
227 2126 314 2181 ρηται,
325 2106 360 2170 είς
370 2102 414 2161 τόν
426 2103 549 2163 Διόνυσον
558 2106 723 2184 ὕμνητέριοι,
734 2106 794 2185 περί
809 2098 845 2164 ὧν
860 2106 919 2183 μετ’
928 2106 1005 2183 ὀλίγα

186 2202 213 2239 2⁰
229 2194 255 2249 ἐν
269 2193 307 2269 τῷ
319 2190 378 2269 περὶ
391 2194 552 2268 Καβειριτῶν
567 2192 637 2271 λόγῳ
651 2193 801 2271 ῥηθήσεται.
853 2192 928 2253 ‘Odi
943 2194 1004 2252 Διό·
1072 2242 1078 2253 .

214 2298 300 2348 1νυοος
318 2276 484 2357 Εἶραφιύιτης
498 2277 545 2351 μὲν
565 2280 684 2338 καλεῖται
708 2277 813 2357 ἢπαρδι
833 2278 863 2336 τό
878 2280 1005 2359 ίρράφθαι

226 2364 253 2419 έν
266 2366 304 2440 τῷ
320 2366 397 2442 μηρῷ
411 2368 455 2420 τοῦ
467 2363 544 2438 Διὸς,
561 2365 660 2445 ἢπυρίι
675 2366 705 2422 τὸ
719 2365 772 2446 έριν
789 2365 899 2446 φαίνειν·
911 2366 1005 2447 πατὴρ

227 2450 277 2528 γὰρ
289 2447 371 2529 ἔριθος
386 2440 453 2516 σίνος
470 2448 535 2528 ὑπὲρ
551 2450 645 2531 μέτρον
657 2452 803 2531 πινόμενος.
846 2450 1006 2533 Ἐρίάρομος

226 2535 255 2610 δὲ
270 2536 315 2595 καί
329 2534 497 2615 ἔριύρεμέτης
508 2537 525 2609 ἢ
538 2538 579 2595 tit
595 2538 641 2605 τάς
662 2544 713 2597 τῶν
729 2538 875 2615 μεθυόντων
889 2540 1007 2622 κραυγάς

188 2633 214 2671 ²⁶
229 2624 286 2700 (διὸ
298 2624 343 2701 καί
354 2624 458 2703 Βάκχος
473 2626 508 2693 ὡς
523 2625 575 2685 άπὸ
590 2632 634 2685 τοῦ
648 2627 735 2705 βάζειν
750 2622 868 2704 λέγεέαι,
889 2634 1008 2708 προσλη-

227 2711 332 2792 φθέντος
349 2718 394 2771 τοῦ
409 2736 425 2771 κ
438 2712 565 2791 στοιχείου
585 2714 628 2773 διὰ
646 2714 754 2775 πλείονα
776 2716 930 2795 τραχύτητα
944 2741 1006 2797 φω-

228 2800 301 2875 νῆς),
326 2798 403 2869 ἢδιά
416 2798 458 2857 τὸν
476 2800 584 2876 βρόμον,
605 2801 634 2861 ὃν
655 2804 832 2878 θγλινκάζων
851 2794 917 2870 οἶνος
938 2815 1008 2867 ποιεῖ

228 2888 455 2961 πνευματούμενος
466 2887 511 2945 καὶ
525 2888 600 2955 ζέων.
643 2888 699 2947 Καὶ
708 2890 775 2949 σέτω
789 2891 838 2968 μίν
850 2892 896 2949 καί
910 2898 1004 2954 ταῦτα.

228 2973 286 3045 Τὴν
299 2974 328 3033 δέ
347 2975 471 3051 μεγίστην
490 2976 664 3052 Βριττανικιίν
681 2983 758 3048 νῆσον
781 2981 1009 3060 τίπαλαισίτρί·

189 3080 216 3118 το
229 3085 311 3138 γωνον
331 3065 476 3140 ίστσροῡσιν
495 3053 560 3120 εἶναι
579 3068 617 3142 τῷ
631 3066 768 3140 αχήμαει,
790 3071 826 3132 είς
840 3066 875 3136 ἣν
887 3063 1007 3148 διαίρων,

228 3151 307 3228 ἤγουν
323 3149 473 3223 ἀποπλέειν,
486 3155 591 3230 Καῖσαρ
608 3156 622 3209 ὁ
637 3153 819 3231 ἐπιλεγόμενος
836 3155 891 3222 θεθς
904 3155 1009 3236 νύκτωρ

230 3239 331 3316 ἀνήχθη
343 3282 350 3307 ,
364 3239 408 3296 καί
420 3243 452 3317 τῇ
465 3239 589 3320 ὑστεραία
601 3243 700 3318 κατῆρε
715 3241 774 3318 περί
789 3242 915 3320 τετάρτην
924 3241 1008 3322 ὥραν,

229 3326 390 3404 τριακοσίους
406 3325 525 3391 σταδίους
539 3325 648 3383 διάπλου
662 3325 774 3394 τελέσας.
817 3330 863 3395 Δίς
879 3327 918 3402 δί,
930 3331 1006 3410 φασί,

230 3411 321 3477 tritt<
336 3414 390 3470 ἐκεῖ
405 3415 533 3484 ἐπανῆλθε
548 3413 705 3492 διαταχέων,
722 3415 794 3474 οὐδέν
807 3415 877 3494 μέγα
891 3418 1009 3495 διαπρα-

190 3514 217 3550 ³⁶
230 3494 350 3577 ξάμενος,
362 3497 420 3560 οὐδὲ
434 3499 565 3578 προελθὼν
578 3499 619 3558 ίπί
633 3501 699 3560 πολὺ
713 3507 761 3572 τῆς
775 3505 869 3574 νῆσιν,
886 3502 954 3561 ἀλλὰ
965 3503 1011 3563 δύο

230 3587 307 3662 μὲνὴ
325 3595 393 3665 τρεῖς
404 3587 477 3654 νίκας
489 3587 609 3658 νικήσας,
625 3587 757 3656 ἀπολέσας
770 3587 798 3646 δέ
822 3591 902 3650 πλοῖα
923 3589 1011 3652 πολλά

230 3677 272 3736 διὰ
293 3674 341 3748 τὴν
368 3673 475 3746 αὔξησιν
497 3679 549 3734 τῶν
577 3676 604 3734 tv
627 3679 665 3754 τῷ
686 3677 795 3756 ὠκεανῷ
817 3678 1011 3758 πλημμυρίθων

231 3763 339 3834 καὶτῶν
354 3763 514 3840 άμπάιτεων.

270 3871 323 3912 tta.
345 3850 411 3911 Ὅτι
424 3849 454 3908 τὸ
472 3848 578 3927 μέγεθος
599 3852 651 3906 τῶν
668 3851 846 3925 Βρεττανίθων
867 3851 965 3926 νήσων,
981 3853 1012 3922 θς

192 3944 220 3983 ⁴⁰
232 3938 316 4011 ἄλλοι,
325 3942 360 4005 ὡς
370 3938 523 4018 προερρίθη,
533 3937 577 3994 διὰ
587 3941 631 3995 τοῦ
641 3961 662 3996 π
677 3937 855 4018 Πρεττανίδας
865 3942 1010 4014 καλοῦσιν,

231 4027 259 4082 ού
275 4026 350 4098 μόνον
364 4029 378 4082 θ
400 4025 533 4088 Διονύσιος
555 4023 688 4102 ίνέφηνεν,
705 4027 739 4090 ὡς
754 4025 877 4104 άνωτέρω
898 4027 1011 4106 ἐρρέθη,

232 4109 300 4168 ἀλλὰ
315 4113 388 4182 δηλοῖ
403 4111 447 4168 καί
465 4112 478 4167 θ
494 4111 657 4185 Πτολεμαῖος
671 4113 697 4168 ἐν
711 4113 744 4190 τῇ
758 4117 925 4192 γεωγραφικῇ
940 4115 1009 4192 θρη-

231 4196 320 4274 γήσει,
334 4198 418 4274 λέγων
434 4195 537 4258 ὅτιτῶν
552 4196 640 4267 νήσων
655 4196 782 4275 πρωτεύει
797 4202 814 4268 ἡ
832 4197 931 4268 Ἰνδικὴ
952 4202 1010 4258 Τα·

208 4282 351 4372 ιπρούάνη
371 4281 475 4358 μεγέθει
501 4283 548 4341 καί
571 4281 647 4362 δόξῃ,
661 4287 717 4361 μεθ’
731 4287 799 4358 ἣνὴ
826 4286 1010 4364 ltprimum,

192 4389 219 4428 ta
232 4371 306 4450 τρίτη
322 4375 339 4440 ἡ
354 4373 445 4448 Χρυαῆ
453 4369 625 4449 χερρόνησος,
639 4372 750 4449 τετάρτη
765 4373 840 4451 ἑτέρα
855 4375 1006 4452 Βρεττανῶν

235 4630 451 4702 ι.ίξελαυνομε’νας
460 4633 602 4694 ntttttt,
612 4629 757 4702 ἔξαλαμένας
769 4637 802 4695 Ε,
816 4633 971 4705 ίξευλομένας
983 4633 1011 4699 d,

232 4707 417 4780 διελαυνομένας
430 4715 455 4765 C.
469 4708 564 4782 1149.
575 4709 606 4763 τά
622 4727 676 4766 orn.
689 4711 717 4766 d.
733 4714 743 4784 β
757 4742 792 4754 -
807 4727 848 4768 lt.
864 4713 895 4776 τίς
906 4709 934 4769 d.
951 4715 961 4783 Ιί
978 4741 1014 4754 ·-

235 4805 276 4841 ιο.
292 4790 323 4849 ὡς
335 4807 389 4841 orn.
401 4789 452 4843 Ed.
467 4811 477 4836 ι
492 4787 729 4863 Οίιυυρίιςιίιόνυσος
742 4789 813 4848 uude
826 4792 963 4846 Eustatirio
973 4793 1012 4844 in·

233 4868 1015 4942 notueritiatet,nisiabLyoophrone1246aocepit3proxime

234 4945 459 5007 noceditdtiooooe
472 4946 597 5008 θΣκοῖθσς
615 4947 685 5020 apud
707 4948 882 5006 Menandrum
897 4967 923 5020 p·
940 4967 1010 5024 97·-

235 5023 338 5078 Ιίιιαιιιι.
353 5026 402 5092 ii-
413 5026 453 5076 15.
464 5023 577 5096 Θρηίκιος
588 5023 641 5087 Ed,-
654 5024 733 5092 ἠιόσιν
747 5026 800 5083 Ed.
816 5028 827 5096 ΙΙ
841 5055 877 5072 -
891 5033 932 5084 ιδ.
946 5047 960 5084 ν
975 5027 1016 5079 καί

235 5103 360 5155 norom:
368 5106 393 5155 C.
406 5103 456 5170 β-
468 5107 509 5157 ιθ.
520 5103 744 5179 εθίνΚί,οΙίἰιγυε.
755 5104 815 5158 εἰσίν
827 5107 903 5161 CDL.
919 5109 1025 5176 11-qu

236 5180 339 5234 τόνοιιι.
356 5185 461 5236 CDLM.
478 5181 598 5256 όλίγσνΙί
602 5185 640 5236 Μ.
652 5185 745 5252 β-εο.
757 5183 810 5256 περί
817 5201 872 5240 om.
881 5187 954 5242 CDK
957 5189 988 5240 Υ.
1002 5187 1013 5256 β

922 392 1131 454 Eus't'ntfltt

1048 531 1142 583 tiones.
1204 527 1337 581 Nimirum
1357 526 1426 581 sama
1453 538 1494 581 eat
1516 528 1684 586 Amnittrum
1708 544 1820 589 οεοιεε,

1048 620 1096 675 per
1129 610 1209 655 totam
1237 612 1341 655 noctem
1376 602 1551 672 tripudiantes
1582 600 1690 657 choros
1717 600 1821 667 ἀνίετε,

1049 680 1085 731 ita
1097 687 1127 728 ut
1138 677 1187 728 hnc
1204 676 1232 727 in
1242 692 1270 727 re
1279 687 1305 729 et
1319 674 1433 729 Thraom
1447 677 1484 729 eis
1497 686 1523 729 et
1534 674 1595 727 torti
1605 672 1708 740 cedant,
1723 681 1821 732 tametsi

979 796 991 809 ,
1049 758 1075 800 et
1087 751 1138 820 ipsi
1151 749 1231 802 uffltti
1246 748 1299 800 nint
1312 750 1420 801 πινακίου
1431 749 1539 814 Bocchi,
1552 751 1629 818 eique
1641 751 1713 818 orgia
1733 768 1824 818 magno

1049 839 1128 893 opere
1135 823 1275 875 eelebrent.
1312 822 1483 893 Gangraphus
1499 823 1825 893 (μ.198)ρηεωωετίι

1051 894 1226 966 bitternpiutn
1248 913 1304 949 ease
1325 895 1477 948 mulieribus
1501 896 1542 947 his
1558 899 1741 958 Amnitarum,
1755 894 1826 965 quod

1049 988 1086 1025 en
1099 973 1239 1041 quotannis
1249 982 1370 1041 retegrmt
1384 970 1529 1041 eodemque
1543 986 1633 1021 rm'sus
1646 969 1689 1023 die
1698 970 1826 1031 antetulit

1049 1064 1170 1098 occasum
1181 1046 1314 1115 integunt,
1325 1062 1481 1117 unaquaque
1493 1061 1561 1097 onus
1573 1044 1743 1114 importante,
1756 1046 1827 1115 quod

1049 1123 1070 1172 si
1091 1120 1233 1185 deciderit,
1257 1120 1393 1173 mulierem
1414 1122 1497 1191 ipsam
1519 1120 1705 1189 importantem
1733 1118 1827 1175 i'uriose

1049 1197 1210 1265 discerpunt.
1242 1194 1384 1247 Sciendum
1405 1203 1494 1246 autem
1513 1202 1555 1243 est
1577 1203 1707 1243 nocturna
1731 1192 1826 1249 Libero
1936 1257 1937 1260 Ἴ

1049 1270 1120 1323 Ραιτί
1134 1270 1189 1321 haec
1203 1269 1325 1339 mysteria
1336 1269 1410 1330 tieri,
1421 1276 1451 1319 ut
1465 1266 1545 1319 veluti
1558 1268 1695 1335 aenigmate
1705 1270 1826 1323 ostende.

1050 1354 1123 1405 rent,
1145 1362 1191 1396 eoa
1211 1346 1257 1413 qui
1272 1345 1333 1395 vino
1353 1342 1489 1411 indulgent
1501 1341 1529 1392 id
1544 1349 1665 1409 oportere
1685 1342 1713 1392 in
1729 1343 1829 1395 oocuito
1864 1381 1867 1391 .

1050 1414 1143 1480 iacere,
1157 1436 1241 1488 oeque
1250 1416 1401 1470 bacchando
1416 1418 1527 1487 turpiter
1546 1416 1574 1466 in
1588 1416 1728 1485 propatulo
1745 1433 1828 1497 agere,
1937 1418 1938 1439 ¹

1047 1501 1095 1543 aut
1111 1494 1189 1545 etiarn
1202 1502 1311 1565 propter
1323 1509 1414 1544 curam
1433 1503 1512 1561 atque
1529 1491 1646 1543 studium
1667 1490 1828 1545 retundendi

1051 1566 1121 1630 vini,
1139 1568 1217 1619 veluti
1236 1568 1270 1619 ad
1293 1568 1516 1621 inveterationem.
1567 1567 1657 1630 Quare
1675 1566 1756 1618 etiam
1767 1566 1831 1619 Bac·

1049 1642 1115 1696 chus
1128 1644 1251 1715 οίκυυρος,
1265 1656 1353 1699 custos
1369 1644 1473 1709 (ionius,
1485 1640 1685 1712 mappulam.
1736 1641 1831 1698 nmiu-

1051 1718 1099 1769 tbii
1123 1721 1213 1789 populi
1229 1723 1313 1771 vocati
1331 1721 1369 1773 sic
1382 1719 1505 1774 videntur
1517 1719 1551 1771 ub
1564 1717 1695 1771 Absintho
1707 1715 1827 1773 flamine

1049 1793 1092 1844 stc
1105 1796 1174 1846 enim
1188 1796 1329 1865 Dionysius
1345 1812 1351 1847 :
1376 1818 1389 1844 ι
1402 1796 1512 1847 Thracis
1527 1792 1561 1845 ad
1575 1794 1644 1862 ripas
1664 1791 1799 1847 Absiuthi.
1816 1820 1827 1840 .

1051 1866 1159 1937 Ἄψινθος
1172 1869 1291 1922 bifariam
1304 1868 1436 1933 scribitur,
1450 1880 1506 1921 turn
1518 1884 1566 1937 per
1579 1886 1607 1929 υ,
1620 1876 1675 1919 tum
1688 1881 1738 1935 per
1758 1886 1777 1929 ι,
1796 1869 1830 1919 εί-

1049 1944 1105 1995 cuti
1118 1946 1196 1997 etiam
1217 1943 1344 2014 ἀψίνθίον,
1364 1944 1543 2007 absinthium,
1567 1940 1670 2011 plautae·
1682 1956 1783 2009 genus,
1801 1952 1831 1994 ut

1051 2028 1150 2072 veteres
1162 2021 1245 2073 aiunt.
1282 2019 1371 2073 Verba
1384 2036 1466 2088 porro
1473 2018 1518 2071 itta
1532 2033 1540 2070 ι
1554 2020 1627 2069 Enoc
1637 2018 1725 2077 Ευιαι,
1740 2026 1830 2079 etant,

1051 2102 1081 2173 ut
1093 2093 1194 2148 dictum
1206 2105 1259 2157 est,
1273 2094 1471 2147 acclamationes
1479 2093 1515 2145 ad
1530 2089 1680 2151 Baocbum,
1693 2089 1728 2141 ad
1743 2089 1832 2147 laudes
1939 2119 1940 2136 ι

1050 2183 1106 2235 ejus
1120 2168 1250 2223 mnendas
1262 2167 1465 2221 accommodatae
1470 2188 1479 2232 ς
1499 2167 1595 2237 quibus
1613 2164 1646 2217 de
1662 2164 1829 2217 acclamatio·

1051 2243 1129 2295 nibus
1140 2244 1217 2315 paulo
1231 2255 1306 2314 post,
1318 2244 1363 2297 ubi
1374 2244 1408 2297 de
1418 2244 1564 2297 Camaritis.
1582 2242 1703 2293 Ceterum
1714 2242 1834 2293 Buochus

1051 2316 1195 2389 εἰραφιιίιτης
1207 2329 1324 2384 vocatur,
1342 2318 1382 2370 vei
1393 2336 1425 2370 ex
1438 2336 1470 2370 eo
1485 2318 1558 2387 quod
1571 2317 1644 2370 tovis
1656 2316 1751 2368 seniori
1762 2318 1833 2369 iosu-

1051 2401 1095 2444 tua
1116 2393 1166 2445 suit
1176 2390 1325 2465 (ἔρράφθη),
1349 2393 1388 2445 vei
1407 2392 1522 2463 eoquod
1537 2390 1588 2461 ἔριν
1601 2392 1691 2461 φαίνει,
1705 2392 1733 2443 in
1747 2392 1833 2444 iucem

1051 2468 1152 2541 γινοίατο
1160 2468 1331 2523 discordiam.
1344 2469 1445 2519 Vinum
1461 2484 1590 2537 namque,
1603 2467 1626 2518 εἰ
1634 2466 1835 2519 immoderatius

1052 2544 1163 2607 bibitur,
1174 2553 1248 2613 pater
1258 2553 1296 2596 est
1305 2542 1452 2594 discordiae.
1474 2542 1602 2610 Idemque
1614 2542 1692 2593 etiam
1705 2538 1835 2612 ίρίθρομος

1052 2629 1078 2670 et
1090 2617 1242 2687 ἔριθρεμέτης
1258 2616 1297 2670 vei
1317 2626 1425 2687 proptor
1445 2615 1581 2668 ebriorum
1592 2614 1719 2667 clamores
1736 2620 1835 2685 (quaro

1052 2693 1130 2744 etiam
1145 2692 1260 2744 Bacchus
1269 2690 1376 2753 dicitur,
1391 2690 1464 2759 quasi
1474 2691 1576 2743 averbo
1588 2689 1681 2759 βάζειν,
1697 2688 1780 2761 ioqui,
1794 2710 1835 2743 as·

1053 2777 1157 2836 sumpta
1177 2766 1262 2818 littera
1282 2786 1297 2817 κ
1311 2764 1344 2817 ad
1357 2762 1482 2833 majorem
1497 2767 1568 2817 vocis
1586 2766 1749 2833 asperitatem
1758 2768 1781 2831 ),
1797 2766 1835 2818 vei

1053 2856 1161 2915 propter
1181 2844 1285 2913 βρόμον,
1299 2841 1449 2909 fremitum,
1470 2860 1549 2914 quem
1569 2843 1658 2895 vinum
1672 2844 1761 2897 adhuc
1776 2862 1835 2897 mu·

1054 2936 1155 2990 steurn,
1176 2938 1259 2994 quum
1281 2922 1388 2974 inflatur
1407 2932 1434 2974 et
1447 2920 1538 2985 servet,
1563 2920 1632 2978 facit
1670 2926 1758 2994 Atque
1779 2924 1836 2978 hae

1054 3003 1160 3074 quidem
1174 3005 1219 3056 ita.
1266 3001 1409 3052 maximam
1420 2997 1594 3052 Brettanicum
1608 3002 1719 3054 insutum
1734 3016 1837 3058 veteres

1054 3081 1162 3134 tradunt
1173 3082 1257 3150 figura
1269 3097 1327 3132 erse
1337 3079 1499 3146 triangubri,
1513 3079 1542 3130 in
1554 3096 1633 3148 quam
1648 3098 1731 3149 quum
1752 3085 1837 3137 classe

1055 3159 1183 3232 trajiceret
1201 3161 1297 3223 Cesar,
1318 3158 1369 3228 ¹qui
1402 3159 1473 3210 Deru
1493 3167 1533 3210 est
1555 3160 1768 3226 cognominatim,
1802 3162 1839 3216 de

1054 3249 1132 3292 noete
1155 3237 1246 3301 solvit,
1282 3234 1459 3307 postridieque
1482 3235 1671 3306 appulsorum,
1693 3236 1758 3290 bora
1780 3238 1839 3294 fere

1054 3324 1156 3381 quarta,
1171 3311 1291 3363 coniecto
1302 3312 1388 3380 spatio
1398 3320 1574 3364 treoentorum
1593 3311 1747 3364 stadiorum.
1792 3317 1838 3368 Bis

1056 3409 1118 3443 vero
1129 3401 1236 3444 narrant
1249 3408 1282 3442 oo
1295 3391 1422 3442 Caesarem
1440 3388 1586 3460 trajecisse,
1598 3389 1722 3460 nullaque
1734 3409 1764 3444 re
1778 3412 1836 3446 me·

1056 3466 1175 3520 morabiii
1196 3476 1276 3534 gesta,
1298 3481 1378 3536 quam
1392 3463 1526 3516 oeierrime
1547 3466 1667 3528 rediisse,
1685 3484 1768 3535 quum
1781 3487 1836 3520 non

1055 3543 1131 3614 ionga
1143 3561 1192 3615 per
1203 3543 1314 3596 insulam
1326 3544 1506 3613 proomsisset,
1517 3542 1563 3594 sed
1577 3543 1681 3595 duobus
1692 3556 1736 3597 aut
1749 3547 1835 3598 tribus

1056 3625 1154 3697 proeiiis
1176 3624 1313 3675 victoriam
1334 3631 1506 3684 tonsecutus,
1529 3623 1623 3676 inuitas
1644 3640 1722 3674 nares
1747 3642 1780 3676 ex
1802 3643 1835 3678 :e-

1056 3714 1145 3758 stuum
1155 3702 1247 3756 oceani
1263 3699 1444 3753 aioedentium
1463 3709 1542 3770 atqne
1555 3700 1736 3754 reoedentium
1748 3704 1835 3756 incre·

1056 3793 1146 3836 metuo
1158 3781 1295 3833 amisisset.

1094 3861 1154 3914 568.
1169 3857 1379 3926 Magnitudinem
1394 3855 1576 3912 Brettaoidum
1597 3859 1751 3923 insularum,
1766 3877 1834 3929 qum

1055 3935 1109 4002 aiii,
1125 3945 1155 3988 ut
1166 3932 1361 4004 supradictum
1378 3942 1427 3995 εει,
1449 3932 1612 3986 Prettanides
1634 3944 1727 3988 tonant
1744 3951 1830 4005 perp,

1058 4028 1111 4064 non
1126 4008 1267 4078 Dionysius
1281 4005 1378 4068 modo,
1401 4016 1431 4058 ut
1444 4018 1618 4059 memoratum
1638 4019 1677 4060 εει
1691 4025 1781 4078 supra,
1798 4026 1836 4060 re·

1056 4093 1204 4157 presentat,
1220 4080 1356 4133 sedetiam
1375 4080 1490 4133 declarat
1511 4083 1665 4134 Ptolomeus
1686 4083 1734 4154 (7,
1750 4083 1786 4148 5)
1809 4081 1834 4132 in

1055 4159 1221 4212 enarratione
1238 4173 1284 4206 sua
1306 4155 1493 4224 geographica,
1509 4156 1554 4207 ubi
1575 4157 1718 4210 insularum
1738 4157 1835 4228 princi·

1055 4250 1116 4305 pem
1130 4229 1311 4299 mngnitudine
1324 4238 1351 4281 et
1369 4229 1450 4298 gioriri
1467 4246 1522 4281 esee
1538 4232 1573 4282 ait
1586 4231 1769 4302 Taprobanam
1793 4233 1835 4281 ln-

1055 4310 1153 4369 dicum,
1167 4303 1312 4356 seeundum
1327 4303 1397 4354 uben
1411 4302 1498 4355 iocum
1512 4305 1630 4357 obtinere
1649 4306 1840 4366 Rretmnicam,

1055 4385 1158 4438 tertium
1168 4397 1223 4434 eme
1231 4379 1422 4433 cterwnesum
1434 4397 1549 4444 aureum,
1556 4393 1687 4450 quartam,
1698 4385 1835 4435 Brettnno·

1058 4662 1093 4677 ·-
1102 4650 1146 4687 ua.
1156 4631 1259 4702 φαίνειν]
1272 4631 1380 4702 θραίνειν
1390 4631 1459 4702 conj.
1476 4630 1594 4687 Holsten.
1611 4634 1622 4702 ΙΙ
1630 4661 1666 4673 -·
1676 4634 1721 4686 αθ.
1736 4633 1769 4694 ὣς
1780 4651 1834 4686 om.

1060 4719 1089 4774 (²,-
1099 4711 1231 4784 βράζεινιί.
1246 4713 1345 4780 β-αγ.
1356 4712 1492 4780 ποιεῖγιοεί
1505 4711 1566 4770 ζέων
1578 4708 1686 4763 collocat
1695 4708 1722 4764 tl.
1737 4713 1834 4780 β-αθ.

1059 4791 1100 4846 καί
1112 4801 1172 4844 unte
1181 4795 1257 4843 ταῦτα
1268 4789 1330 4845 add.
1346 4793 1537 4844 centrum.
1553 4792 1659 4858 ii*²9·
1676 4786 1836 4860 Βρεττανικὴν

1060 4873 1113 4926 ΔΜ
1117 4873 1149 4934 U,
1158 4867 1303 4939 Βρετενικῆν
1311 4871 1416 4924 CDEK
1418 4870 1478 4922 ΝΥ.
1490 4867 1584 4936 β-θα.
1593 4865 1656 4936 περί]
1664 4863 1794 4940 ἐπίμικτον.
1805 4866 1833 4920 ἵ.

1061 4951 1073 5019 ss
1090 4978 1125 4988 —
1137 4945 1181 5002 33.
1204 4947 1353 5017 τριακοσίους
1373 4953 1399 5008 C,
1419 4947 1570 5017 τριακοσίους
1587 4945 1628 4997 καί
1647 4943 1724 4998 είκοσι
1744 4942 1836 4999 strabo

1060 5043 1087 5100 p.
1101 5041 1150 5098 199
1163 5029 1235 5091 (166,
1248 5025 1374 5094 nonin).
1388 5025 1836 5096 11-3ί.οὗδὲ1>.β-37.πλημυρί·

1060 5104 1109 5158 θων
1122 5107 1192 5163 ΚΜ.
1206 5105 1457 5176 11-39.θρετανίθων
1469 5107 1632 5160 CDEKNY·
1645 5099 1798 5158 etaimriiter
1811 5105 1836 5155 in

1061 5203 1118 5258 aqq.
1132 5185 1233 5256 β-ίο.
1246 5185 1328 5256 ἐρρέθη
1339 5187 1414 5240 cut.
1428 5186 1528 5255 ss-tn.
1543 5183 1571 5238 σθ
1585 5187 1660 5260 μόνον
1672 5185 1715 5248 tt,·
1725 5180 1835 5257 ίνέρηιεν
