3884 5925
685 603 995 749 parsurm
1032 607 1404 702 pruinosus,
1451 631 1456 640 ·

976 835 1129 856 m

246 1057 352 1111 Natura
364 1055 478 1127 genitor,
491 1073 551 1128 quae
564 1053 695 1108 mundum
706 1055 822 1108 continet
834 1072 955 1120 omnem,

246 1163 348 1211 annue,
359 1163 407 1198 rex
420 1144 494 1208 coeli,
510 1146 627 1216 positum
642 1143 741 1198 telluris
752 1153 779 1197 et
790 1142 885 1208 unde,

246 1233 274 1286 in
286 1251 351 1304 quas
364 1233 504 1304 imperium
518 1231 673 1284 mortalibus
685 1232 741 1302 ipse
753 1227 866 1295 dedisti,

246 1321 361 1374 materiae
372 1331 451 1374 tante
461 1337 505 1374 me
514 1337 637 1391 promere
650 1319 766 1372 carmine
775 1317 866 1386 digno.

213 1416 231 1468 6
280 1407 413 1478 Incipiens
427 1417 502 1459 terrae
516 1415 630 1468 tractus,
645 1405 773 1474 pontique
788 1413 904 1470 meatus,

197 1487 230 1566 it)
245 1501 272 1544 et
284 1491 379 1543 fluvios
391 1507 504 1553 canere,
517 1499 595 1560 atque
610 1487 687 1540 urbes
702 1486 865 1558 populosque
876 1504 923 1557 per
934 1485 1028 1540 orbern

245 1577 385 1640 discretos,
397 1575 447 1628 late
462 1575 575 1628 refluum
592 1591 739 1642 memorare
752 1571 851 1644 parabo

244 1665 395 1730 Oceanum,
411 1663 486 1716 tellus
497 1681 552 1733 quo
566 1662 680 1732 cingitur
693 1677 799 1732 aequore
812 1671 884 1726 tota,

246 1750 329 1804 insula
342 1768 392 1803 ceu
403 1768 458 1803 sese
472 1749 626 1802 diffundens
639 1748 716 1801 litore
729 1758 812 1801 vasto.
926 1795 929 1800 .

194 1843 231 1894 to
244 1837 305 1890 Non
318 1847 405 1890 tarnen
418 1835 523 1888 assiduo
534 1846 603 1888 tores
613 1834 730 1904 undique
742 1834 860 1902 margine
873 1833 974 1888 circum

191 1911 230 1992 (s)
245 1921 377 1976 clauditur
390 1922 460 1988 hac,
475 1919 558 1974 bifido
573 1919 619 1973 sed
631 1919 738 1972 brachia
749 1919 825 1972 litore
839 1918 958 1990 pandens

244 2021 345 2064 artatur
356 2009 462 2082 rapidos
472 2026 564 2063 cursus
573 2008 607 2062 ad
622 2008 684 2062 solis
696 2009 835 2078 utrinque,

244 2098 364 2152 assimilis
378 2097 476 2152 funde.
489 2096 541 2150 Sed
553 2097 673 2168 quamvis
687 2113 797 2166 corpore
811 2103 867 2148 toto

246 2201 299 2238 una
312 2185 346 2237 sit
358 2185 413 2239 lucc
421 2224 431 2254 ,
440 2183 560 2238 hominus
572 2193 623 2236 tres
637 2181 730 2236 dicunt
741 2199 796 2234 esse
810 2180 952 2252 diremptas
965 2197 973 2233 ε

195 2287 230 2339 15
245 2282 272 2325 et
283 2273 394 2344 primam
409 2272 525 2342 Libyen,
538 2281 599 2342 post
609 2272 733 2341 Europen
748 2270 901 2338 Asiamque.

185 2353 230 2440 itu)
244 2359 296 2413 Sed
308 2360 418 2431 Libyam
429 2361 542 2430 Europe
554 2357 680 2412 discernit
692 2357 788 2412 linibus
797 2356 890 2427 amplis

245 2447 331 2512 lines,
346 2466 426 2518 quam
438 2447 578 2516 obliquant
588 2445 676 2502 Gades
687 2455 767 2515 atque
781 2445 847 2498 ostiu
860 2443 911 2500 Nili
929 2461 935 2500 t

244 2552 297 2605 qua
309 2534 395 2588 boreae
405 2534 522 2588 excurrit
533 2533 685 2603 Memphitis
699 2541 768 2584 terra
779 2529 829 2584 sub
844 2547 918 2594 nrm,

244 2625 323 2692 atque
333 2619 421 2674 locum
432 2621 504 2674 vovit
513 2620 641 2690 Spartano
651 2616 720 2670 lama
731 2617 850 2687 Canopo.

193 2705 230 2757 20
245 2707 295 2760 Sed
308 2717 389 2761 terras
402 2705 491 2776 aquilo
502 2723 554 2775 qun
566 2704 664 2774 frigore
674 2701 782 2758 damnat
794 2702 901 2772 iniquo,

246 2797 371 2866 Europen
380 2795 448 2846 Asiae
460 2793 555 2846 Tanais
567 2790 694 2862 disjungit
705 2789 741 2844 ab
751 2791 821 2852 oris,

184 2873 192 2946 l
199 2873 230 2950 to)
245 2882 411 2934 Sauromatas
421 2880 542 2950 linquens
552 2879 685 2950 Scythiam
698 2878 744 2947 qui
754 2877 857 2946 gurgite
868 2887 940 2932 vasto

244 2970 411 3041 perstringit,
424 2985 593 3040 praecepsque
602 2969 657 3019 ruit
667 2962 789 3019 Mentiris
800 2980 919 3035 poscens.

235 3059 282 3110 'At
295 3054 399 3108 medius
410 3054 470 3107 finis
481 3052 536 3123 jam
549 3052 659 3105 declinis
672 3051 706 3105 ad
721 3061 843 3105 sinuum
850 3060 903 3114 est,

193 3138 231 3189 25
246 3159 311 3212 quas
322 3139 484 3211 Hellesponti
496 3138 582 3193 buces
593 3137 684 3193 dixere
696 3138 813 3208 priores;
852 3146 854 3153 ·

246 3228 293 3283 sed
307 3228 389 3299 magis
403 3228 522 3283 australis
530 3236 592 3279 sunt
603 3226 732 3283 terminus
744 3224 810 3277 ostia
823 3222 886 3280 Nili.

247 3320 297 3371 Per
311 3335 382 3371 mare
396 3317 433 3369 sic
447 3316 593 3386 fluviosque
606 3312 675 3365 duos
685 3311 844 3367 discernitur
855 3309 938 3363 orbis.

251 3406 298 3457 Ast
309 3402 351 3457 alii
365 3402 442 3455 tetris
454 3401 555 3456 malunt
568 3399 717 3453 discernere
731 3408 824 3453 terras.

175 3484 232 3560 ¹(ani
247 3491 357 3545 Finibus
369 3492 506 3554 estleia,
522 3488 589 3543 latus
600 3498 702 3549 artum,
715 3486 806 3555 lingua
814 3486 949 3557 supernis,

89 3611 93 3617 ·
196 3574 233 3625 ³0
247 3569 359 3649 Caspia,
370 3595 450 3649 quam
464 3575 581 3631 medient
599 3574 787 3643 boiuntatque
797 3588 903 3644 aequora
913 3574 992 3627 Ponti

247 3666 343 3718 Euxini
361 3682 368 3720 :
381 3664 454 3719 locus
465 3652 508 3717 hic
518 3661 660 3717 discrimen
672 3659 771 3713 dicitur
779 3674 834 3713 esse
937 3700 941 3707 .

246 3752 367 3822 Europes
379 3751 447 3804 Asiae
458 3748 611 3819 disjungens
621 3746 729 3800 ruribus
737 3763 809 3801 arva.

246 3847 295 3893 Ast
307 3837 372 3891 nlius
386 3836 446 3891 finis
459 3836 625 3905 longissimus
636 3836 689 3889 exit
703 3835 732 3887 in
745 3844 862 3900 austros,

247 3925 293 3995 qui
302 3933 373 3977 secat
381 3924 486 3993 AEgypti
501 3932 583 3977 terres
595 3937 738 3991 aequorque
752 3918 873 3973 Sabaeum
887 3935 893 3970 :

196 4015 233 4066 35
248 4020 349 4081 separat
361 4009 404 4063 hic
418 4008 535 4080 Libyen,
546 4008 614 4063 Asia
627 4007 741 4061 confinia
752 4023 887 4077 rumpens.

186 4087 235 4163 (Ἃ)
248 4098 321 4153 Talia
332 4097 454 4153 mourloe
465 4096 607 4169 perhibent
621 4095 870 4149 discriminatores.

284 4187 385 4243 Circuit
396 4186 486 4241 oomni
502 4202 596 4255 gurges
606 4195 694 4239 tamen
707 4182 826 4253 undique
835 4191 941 4247 vestris,

249 4271 312 4342 qui,
326 4272 446 4342 quemvis
457 4288 526 4325 unus
537 4272 587 4335 sit,
597 4270 712 4342 plurima
727 4270 836 4323 nomina
846 4268 939 4323 sumit.

182 4346 233 4427 (00)
249 4357 358 4412 Finibus
371 4357 504 4428 Hesperiis
518 4356 663 4411 Atlanticus
674 4354 717 4409 ille
728 4364 852 4418 vocatum

194 4436 232 4489 ⁴⁰
248 4455 276 4498 at
285 4444 372 4498 boreae
383 4461 437 4513 qun
451 4458 514 4512 gens
527 4441 630 4498 terrens
644 4441 785 4511 Arimaspe
801 4440 850 4495 suh
863 4440 957 4501 armis.
1000 4432 1003 4437 ’

248 4530 346 4583 dieitur
363 4529 405 4583 ille
419 4530 505 4598 Piger,
519 4546 568 4581 nec
581 4545 637 4583 non
649 4526 804 4588 Saturnius,
822 4525 893 4580 idem

250 4619 371 4671 Mortuus
385 4626 425 4671 est
437 4616 508 4681 eliis,
520 4616 632 4671 minimo
644 4613 718 4685 quod
735 4613 835 4667 lumine
851 4613 913 4665 solis

247 4702 393 4774 perfruitur
408 4720 414 4757 :
431 4701 505 4756 tarde
518 4702 607 4757 radios
620 4718 682 4755 nrm
691 4700 801 4771 suspicit
813 4709 903 4762 ortus,

186 4780 233 4862 (ts)
249 4788 364 4845 nubibus
380 4800 406 4843 et
419 4791 512 4843 crassis
520 4790 651 4861 premitur
663 4786 815 4857 nimbisque
826 4796 959 4854 gravmur.

195 4881 233 4932 45
248 4877 326 4931 Unde
341 4888 429 4933 tamen
442 4878 530 4949 primo
539 4875 694 4931 conscendit
701 4875 802 4931 lumine
814 4875 893 4927 Titan
900 4910 910 4941 ‚

249 4964 388 5035 Eoumque
401 4976 496 5019 vocent
506 4975 586 5034 atque
596 4963 695 5017 lndurn
707 4962 814 5015 nornine
828 4970 951 5032 pontum.

248 5050 300 5105 Sed
317 5068 368 5121 qua
380 5050 495 5109 devexus
509 5048 623 5103 calidum
636 5048 712 5120 polus
727 5048 825 5118 excipit
838 5056 976 5110 austrum,

248 5137 457 5208 AEthiopurnque
468 5136 548 5189 simul
565 5136 672 5206 pelagus
685 5134 860 5203 Rubrumque
874 5140 995 5195 vocatur,

185 5226 233 5299 (ω)
250 5240 302 5295 qua
315 5222 419 5279 deserta
436 5232 508 5293 patet
525 5220 600 5275 tellus
613 5220 708 5277 erdere
720 5229 836 5290 perusta.

196 5317 234 5366 00
249 5308 350 5363 Circuit
366 5326 479 5362 oceanus
490 5307 527 5362 sic
543 5317 627 5361 totum
641 5307 771 5361 maximus
784 5304 876 5358 orbem
884 5342 893 5369 ,

1072 1055 1225 1108 nominibus
1241 1056 1320 1110 variis
1331 1055 1479 1125 celehnttrs
1490 1066 1518 1109 et
1532 1072 1638 1126 aeqttore
1649 1065 1733 1110 unco.
1769 1047 1772 1050 ⁴
1785 1077 1790 1084 ·

1108 1144 1177 1196 Hinc
1192 1153 1270 1214 atque
1283 1142 1346 1196 iude
1357 1145 1431 1196 sinus
1442 1143 1611 1216 penetrabilis
1623 1142 1705 1196 eilieit
1717 1143 1775 1209 ille,

1073 1233 1182 1300 exiguos
1195 1233 1311 1310 rrrultos,¹
1322 1231 1449 1284 dirimens
1463 1250 1555 1296 mere,
1570 1239 1698 1302 quattuor·
1709 1228 1823 1301 amplus.

1073 1320 1194 1372 Personat
1207 1319 1361 1391 Hesperiam
1373 1320 1490 1389 primus,
1506 1319 1553 1388 qui
1570 1318 1692 1388 porgitur
1707 1315 1804 1382 undis,
1882 1306 1936 1385 (15)

1073 1405 1299 1477 Pamplrylumque
1312 1405 1380 1459 latus
1392 1405 1482 1476 Libyae
1496 1403 1627 1476 pertendit
1638 1403 1672 1456 ab
1684 1405 1749 1456 oris.
1881 1414 1923 1464 55

1072 1493 1131 1544 Hoc
1143 1493 1231 1545 minor
1241 1503 1297 1557 est,
1309 1491 1417 1561 reliquis
1427 1491 1522 1561 major,
1532 1508 1614 1560 quem
1623 1491 1718 1560 mepta
1728 1488 1805 1543 tellus

1072 1579 1181 1652 suscipit
1196 1580 1339 1632 intrantem
1349 1579 1427 1632 vastis
1435 1577 1566 1648 aquilonis
1576 1575 1610 1628 ab
1620 1575 1713 1636 undis,

1073 1665 1181 1716 nomine
1193 1665 1299 1717 Saturni
1312 1663 1387 1734 quod
1399 1663 1497 1733 Tethys
1510 1661 1627 1733 possidet
1638 1679 1728 1731 sequor
1740 1676 1749 1714 ι

1072 1750 1182 1822 Caspius
1195 1753 1244 1804 iste
1253 1751 1326 1804 sinus
1339 1751 1420 1804 simul
1428 1752 1620 1821 Hyrcanaeque
1633 1759 1753 1814 vocatur.

1073 1841 1109 1891 rit
1121 1837 1176 1891 duo
1188 1839 1234 1909 qui
1251 1839 1363 1892 veniunt
1371 1838 1491 1892 ausnalis
1501 1836 1535 1890 ab
1546 1854 1653 1906 aequore
1665 1838 1757 1906 ponti,

1072 1923 1117 1977 hio
1128 1943 1208 1995 supra
1218 1942 1328 1978 currens
1336 1942 1409 1978 mare
1419 1923 1534 1978 Persidis
1544 1922 1624 1976 efficit
1633 1921 1731 1987 abunt,

1072 2027 1088 2062 e
1099 2012 1208 2080 regione
1215 2012 1282 2064 situs
1294 2028 1348 2081 qua
1358 2011 1453 2082 Caspia
1466 2009 1581 2063 volvitur
1592 2007 1679 2072 unda3

1073 2099 1184 2152 fluctuat
1194 2110 1234 2154 ast
1246 2099 1313 2151 alter
1325 2097 1504 2168 Panchnaquo
1515 2096 1593 2150 htora
1607 2096 1709 2167 pulsat,
1821 2116 1825 2123 ·

1073 2186 1171 2238 Euxini
1184 2196 1278 2240 contra
1290 2184 1396 2255 pebrgoe
1405 2194 1544 2254 protentus
1559 2183 1587 2234 in
1599 2193 1712 2237 austros.
1756 2206 1760 2211 ·
1817 2208 1821 2214 ⁴

1072 2271 1158 2323 Hosce
1175 2272 1249 2324 sinus
1260 2270 1401 2340 perhibent
1412 2287 1480 2340 quos
1493 2268 1610 2338 Tethyos
1620 2266 1704 2320 efficit
1716 2267 1788 2323 untia

1073 2357 1185 2428 majores
1198 2375 1206 2411 2
1220 2376 1282 2410 narn
1295 2367 1358 2412 sunt
1375 2357 1420 2410 elii
1432 2356 1560 2426 multique
1570 2357 1696 2409 minores.

1110 2446 1190 2501 Nunc
1205 2445 1286 2498 maris
1302 2444 1421 2515 Hesperii
1431 2442 1549 2496 lustrabo
1561 2442 1680 2496 carmine
1691 2451 1809 2507 mus,

1073 2532 1185 2585 flexibus
1197 2534 1225 2586 in
1237 2533 1316 2585 variis
1328 2533 1374 2602 qui
1389 2531 1519 2600 frangitur·
1530 2546 1638 2600 mqrrore
1652 2540 1766 2599 pontus,

1073 2620 1120 2674 has
1135 2623 1264 2690 stringens
1278 2619 1371 2690 pelago
1383 2630 1483 2684 terras,
1496 2617 1669 2671 circumfluus
1681 2618 1752 2685 illie,

1073 2709 1209 2762 montibus
1222 2719 1251 2760 et
1259 2708 1356 2761 radens
1368 2718 1562 2778 suppostasque
1573 2706 1684 2758 urbibus
1696 2720 1766 2760 oras.
1778 2738 1781 2747 ·
1828 2745 1831 2751 ‚

1074 2795 1168 2860 Adsis,
1183 2814 1200 2848 o
1211 2812 1327 2859 numen,
1342 2793 1492 2846 studiorum
1503 2791 1598 2863 prasid
1607 2803 1634 2845 et
1641 2795 1721 2858 antis,

1073 2881 1168 2934 ordine
1175 2882 1337 2952 principium
1346 2881 1451 2951 capiens
1462 2879 1575 2934 Atlantis
1582 2879 1617 2932 ab
1626 2878 1713 2942 unda,
1767 2883 1774 2893 “

1073 2968 1203 3021 Herculeo
1215 2968 1412 3037 celebrantque
1423 2977 1500 3020 mure
1510 2982 1622 3019 mernere
1634 2964 1738 3029 Gades,
1785 3012 1797 3019 ..
1814 2989 1818 3000 ·

1073 3055 1247 3125 willerasqxe
1257 3066 1348 3109 tenens
1356 3054 1430 3108 Atlas
1441 3064 1593 3108 statuente
1603 3052 1751 3121 oolumpas.
1850 3048 1857 3058 ’

1066 3126 1072 3136 ’
1109 3145 1157 3197 Fet
1168 3144 1269 3214 primus
1281 3142 1358 3195 rastis
1372 3142 1418 3211 qui
1429 3150 1527 3212 pontus
1538 3140 1655 3193 Hieriom
1666 3139 1745 3192 undis

1074 3227 1170 3281 dividit
1180 3230 1305 3298 Europen
1317 3227 1413 3297 Libya,
1428 3226 1578 3280 communis
1589 3227 1705 3294 utrique.
1738 3272 1741 3275 ,
1779 3289 1782 3293 ¹

1074 3316 1145 3369 Hinc
1156 3324 1234 3386 atque
1247 3316 1310 3367 hinc
1321 3324 1414 3367 stature
1425 3322 1502 3378 erant,
1512 3312 1597 3368 mhae
1605 3312 1825 3382 litmaooenrmt,

1074 3404 1131 3457 hac
1141 3404 1247 3474 Libyes,
1259 3403 1315 3455 bac
1327 3404 1456 3472 Europes,
1468 3400 1577 3453 adversa
1586 3400 1697 3453 tuendo.

1074 3489 1189 3543 Gallicus
1200 3490 1263 3544 hinc
1273 3507 1384 3559 gurges,
1397 3490 1445 3559 qui
1457 3488 1555 3541 Celtim
1565 3487 1644 3543 Βία·
1655 3488 1756 3558 pulsat,

1074 3576 1180 3646 excipit.
1197 3577 1266 3629 Hinc
1278 3576 1399 3646 seqtritur
1412 3575 1542 3643 Ligurum
1553 3572 1824 3641 coffrominedicltm,

1075 3678 1127 3731 qua
1137 3660 1240 3715 domini
1253 3678 1343 3715 rernm
1354 3660 1432 3713 terris
1441 3676 1550 3713 merere
1557 3660 1677 3722 latinis,
1701 3692 1704 3702 ι

1074 3747 1109 3800 od
1122 3750 1226 3803 Petram
1239 3751 1344 3802 lescen
1358 3746 1489 3817 aquilonis
1501 3746 1535 3802 ab
1544 3764 1595 3799 axe
1606 3744 1738 3810 reductis,

1075 3852 1134 3904 quae
1146 3834 1212 3888 freta
1225 3835 1334 3889 Sicaniae
1344 3832 1482 3887 concludit
1490 3832 1568 3885 litore
1576 3848 1670 3887 uarro.
1688 3852 1692 3860 ·
1724 3864 1729 3869 .
1823 3857 1826 3862 ⁴

1074 3922 1164 3975 Insula
1174 3920 1222 3975 sed
1232 3924 1333 3993 Cyrnos
1343 3922 1458 3992 propriis
1468 3918 1590 3990 pulsatur
1600 3918 1636 3973 ab
1647 3918 1744 3983 nudior

1075 4006 1144 4059 inter
1157 4006 1316 4061 Sardonium
1329 4006 1435 4077 pelagus
1445 4004 1601 4073 (bellunique
1612 4003 1715 4059 retnis

1076 4089 1141 4144 Inde
1151 4090 1210 4145 salis
1222 4092 1340 4145 tumidus
1350 4090 1484 4162 Tyrrheni
1497 4090 1610 4144 volvitur
1622 4100 1717 4155 estus,

1075 4177 1109 4230 ad
1123 4190 1210 4251 partes
1223 4197 1331 4249 vergens
1342 4178 1476 4233 australes.
1492 4178 1599 4248 Excipit
1610 4178 1691 4235 mum

1075 4264 1183 4318 Sicaniae
1194 4284 1303 4337 gurges,
1318 4264 1380 4319 solis
1393 4264 1511 4318 deilerus
1521 4262 1555 4317 ad
1566 4274 1658 4328 ortus,

1075 4351 1121 4421 qui
1134 4352 1227 4423 procul
1239 4351 1338 4405 effusus
1349 4352 1463 4422 Pachyni
1473 4350 1634 4406 distenditur
1639 4352 1711 4417 oris,
1821 4372 1824 4380 ·

1075 4437 1108 4489 ad
1119 4440 1202 4492 Cretae
1212 4458 1343 4493 summam
1353 4457 1412 4508 quae
1424 4440 1558 4509 prominet
1569 4455 1677 4507 equore
1686 4456 1798 4509 rupuar

1075 4544 1127 4595 qua
1144 4528 1264 4597 Gortyna
1276 4537 1385 4597 potens,
1400 4524 1495 4579 mediis
1509 4543 1563 4595 qua
1575 4511 1694 4579 Phaistos
1705 4526 1733 4577 in
1743 4526 1825 4580 meis.

1075 4613 1171 4665 Arietis
1184 4612 1252 4665 hanc
1263 4630 1356 4682 rupem
1377 4612 1544 4665 simulantem
1555 4609 1779 4664 rectionis-notem

1075 4716 1124 4769 pro
1138 4699 1233 4751 merito
1246 4698 1319 4752 Graii
1334 4698 1400 4750 Crini
1410 4697 1501 4750 dixere
1512 4707 1649 4766 metopon.

1075 4786 1135 4839 Hoc
1144 4804 1217 4839 mare
1227 4786 1343 4854 Gargani
1357 4782 1491 4837 concludit
1503 4784 1607 4853 Iapygis
1620 4800 1676 4835 ora.
1688 4809 1703 4837 μ

1075 4872 1150 4925 Illinc
1163 4872 1291 4942 incipiens
1303 4869 1454 4925 extenditur
1466 4868 1565 4924 Hadria
1578 4877 1681 4931 vestus,

1076 4956 1109 5010 ad
1124 4958 1231 5011 boream
1243 4968 1383 5028 penetrans
1392 4955 1484 5026 pelago
1498 4953 1631 5023 solaeque
1640 4950 1778 5008 cadentem

1076 5045 1167 5096 Ionius
1179 5044 1277 5115 pariter
1287 5044 1360 5095 sinus
1369 5042 1414 5094 hic
1424 5040 1578 5111 perbihetur
1591 5038 1627 5091 ab
1637 5038 1718 5101 orbe,

1076 5127 1172 5181 dividit
1183 5138 1212 5180 et
1223 5117 1340 5196 geminas
1353 5124 1462 5179 diversis
1475 5123 1594 5194 partibus
1601 5140 1682 5186 oras,

1077 5233 1142 5286 quas
1155 5225 1243 5268 tamen
1254 5223 1383 5268 extremas
1393 5209 1532 5281 conjungit
1544 5210 1673 5266 terminus
1682 5225 1762 5267 uuus.

1078 5301 1120 5356 Ad
1131 5302 1251 5356 dextram
1259 5311 1360 5373 partem
1369 5297 1537 5371 protenditur
1550 5296 1635 5369 Illyris
1646 5294 1727 5362 alma3

1048 5402 1104 5464 190
