3884 5925
596 445 770 508 ANAPLUS
791 445 954 508 uostont
976 447 1146 508 tunicis.
1632 455 1667 505 st

66 584 170 639 anlns
191 583 267 653 prius
284 579 480 634 sacrificaverat.
518 577 583 630 Mihi
604 575 710 648 quidem
726 576 851 628 verisimi·
894 577 1006 629 inviset
1023 577 1139 647 Neptuni
1152 585 1179 628 et
1199 575 1290 628 unna
1303 573 1381 645 (nam
1395 574 1491 628 horum
1505 575 1585 626 trium
1597 575 1673 644 poni·

67 673 114 724 lius
127 669 234 722 ridetur
246 685 262 720 a
274 667 379 738 Phryxo
394 667 467 736 prim
482 681 554 718 asam
566 662 707 716 duodecim
717 661 768 714 diis
781 662 850 714 exci-
896 671 939 713 tur
954 662 982 712 in
1001 663 1078 714 Ponti
1097 661 1239 730 introitu),
1253 677 1298 722 ac,
1319 660 1342 710 si
1355 657 1472 722 diversa,
1486 675 1521 710 an
1538 660 1567 710 in
1579 657 1674 712 eodem

68 769 147 809 tatem
162 753 244 806 fnisse
256 771 336 823 quam
348 770 365 805 a
375 755 481 806 Jasone.
517 752 585 804 Nam
597 767 660 802 cum
672 767 705 800 ex
718 748 776 800 aula
789 747 851 800 Phi·
895 749 1080 818 promontorio
1098 749 1240 799 constituta
1249 744 1363 808 suerint,
1378 745 1480 814 assequi
1492 761 1630 814 possumus
1641 763 1674 798 ex

68 845 108 893 nsi
129 843 212 892 Jason
231 839 363 901 solvisset,
376 837 426 890 sita
443 837 470 888 in
483 837 604 905 Europa,
621 833 775 904 Apollonius
787 830 852 884 dicit
895 832 951 896 his,
966 834 1012 901 qni
1023 833 1143 886 scribunt
1162 835 1190 884 in
1206 832 1257 884 hoc
1268 831 1327 884 loeo
1343 835 1507 899 Argonautas
1519 847 1591 882 aram
1605 830 1675 882 esci·

67 943 125 978 earm
141 925 275 976 uamiisse
291 921 324 976 ad
340 921 501 974 eontrarium
515 919 601 982 liuns,
617 928 648 971 nt
661 917 697 970 ihi
711 915 850 970 duodecim
896 929 977 982 tasse,
992 929 1018 970 et
1031 919 1117 971 litasse
1127 918 1268 970 duodecim
1279 917 1347 978 diist
1362 918 1431 971 inter
1448 932 1516 985 quos
1532 917 1636 986 Jupiter
1648 925 1676 968 et

67 1010 116 1062 dis
129 1026 203 1061 aram
224 1009 358 1060 excitaret.
396 1007 452 1060 Cur
474 1007 504 1057 in
522 1004 609 1057 littore
630 1004 745 1056 Asiatico
764 1004 851 1073 potius
895 1007 1033 1076 Neptunus
1047 1017 1074 1059 et
1088 1008 1194 1060 Diana:
1211 1016 1268 1058 tum
1289 1023 1321 1056 ex
1335 1004 1475 1057 Ptolemoeo
1485 1002 1613 1072 conjicio,
1627 1003 1675 1074 qui
1747 998 1752 1007 ⁴

66 1113 146 1166 quam
163 1093 317 1164 Eurum?
338 1093 398 1144 Non
422 1092 493 1143 enim
508 1106 611 1142 neooese
624 1098 679 1140 erat
692 1105 724 1140 es
744 1089 851 1158 Europa
895 1093 967 1144 loris
981 1093 1039 1144 Ueii
1053 1109 1114 1145 cum
1130 1109 1185 1144 uon
1203 1091 1366 1154 meminerit,
1382 1106 1469 1158 neque
1481 1089 1612 1158 Neptuni,
1628 1087 1675 1142 sed

66 1180 176 1232 nemim
191 1180 220 1230 in
234 1178 342 1240 Asiam,
355 1175 401 1230 sed
412 1175 499 1245 potius
511 1177 539 1226 in
560 1173 646 1227 littore
659 1174 803 1242 Europen,
820 1173 848 1224 in
896 1174 1024 1229 duntaxat
1047 1177 1260 1246 promontorium
1283 1174 1412 1244 Bithyniae
1433 1191 1489 1226 esse
1509 1172 1580 1226 dieat
1598 1171 1675 1242 juxta

67 1281 119 1334 qm
133 1273 206 1325 ³¹¹1·
223 1279 297 1314 mm
310 1261 481 1314 fflmfiluml
497 1269 524 1312 el
542 1258 698 1312 fflt'fiwel
711 1255 850 1310 duodecim
895 1264 1053 1332 Bosporum,
1066 1264 1093 1314 in
1105 1265 1175 1331 quoi
1185 1264 1286 1315 Fanum
1295 1262 1386 1314 Dianae
1398 1261 1432 1312 sit
1445 1277 1452 1312 :
1465 1260 1580 1313 arbitror
1589 1269 1635 1312 aut
1647 1260 1676 1313 in

66 1349 131 1410 diis,
162 1348 215 1400 nisi
241 1345 393 1399 admonitus
425 1342 514 1397 luisset
545 1345 573 1396 in
604 1344 737 1396 contrario
766 1342 853 1395 littore
895 1349 1099 1420 aodemtemplo
1111 1348 1189 1402 suine
1202 1350 1313 1402 Dianam
1324 1350 1464 1410 etinvem,
1478 1347 1676 1417 subsecutisque

67 1436 203 1504 Phryxum
217 1434 294 1504 psius
305 1449 377 1485 uam
394 1433 534 1494 excitasse,
549 1432 576 1484 in
590 1447 656 1500 qua,
672 1440 702 1483 ut
715 1431 764 1500 ipsi
782 1446 850 1499 quo·
897 1434 969 1490 bellis
980 1438 1084 1498 lovem,
1098 1453 1129 1488 ea
1142 1436 1252 1488 introitu
1264 1435 1341 1487 Ponti
1352 1434 1493 1496 sublatum,
1506 1450 1604 1485 nomen
1615 1433 1676 1486 reli·

67 1520 315 1591 qiiesaniliearent,
327 1523 483 1588 Argornuta
494 1516 531 1571 las
542 1535 598 1573 esse
609 1527 851 1588 putaverunt,cum
896 1522 984 1591 quisse
1004 1522 1109 1584 Dianam
1121 1529 1182 1584 ant,
1195 1520 1217 1571 si
1231 1520 1259 1572 in
1272 1517 1365 1572 eodem
1384 1517 1442 1570 loon
1454 1517 1513 1570 due
1532 1515 1601 1570 tedes
1619 1517 1677 1570 lae·

69 1605 222 1658 incsrlehoe
242 1603 474 1675 proficiscerentur
492 1601 525 1656 ad
541 1599 745 1672 recuperandam
759 1600 851 1671 pellem
896 1616 959 1658 runt
971 1605 1045 1657 lovis
1065 1605 1213 1667 miliana,
1237 1613 1326 1656 tamen
1344 1604 1496 1671 navigantes
1515 1602 1597 1671 magis
1609 1601 1675 1656 cele·

69 1709 172 1744 aurens
186 1691 296 1754 arietis,
317 1707 395 1760 quem
410 1707 463 1743 una
482 1707 543 1742 cum
555 1688 621 1760 pelle
640 1705 719 1740 aurea
733 1688 853 1758 Phryxus
883 1690 985 1743 hrasse
1009 1691 1116 1750 lovem,
1135 1699 1166 1742 ut
1187 1687 1365 1741 secundorum
1384 1699 1524 1742 ventomm
1545 1687 1675 1746 datorem

70 1775 137 1847 apud
161 1775 280 1828 Colchoe
299 1773 465 1828 declinaverat
483 1775 542 1826 lovi
564 1773 674 1843 Physio.
711 1773 766 1824 Nec
788 1772 852 1824 mihi
896 1775 1011 1844 Neptuni
1031 1774 1157 1844 tempium
1177 1772 1256 1826 luisse
1269 1774 1296 1825 in
1315 1791 1348 1825 eo
1361 1772 1419 1826 loco
1438 1790 1494 1842 quo
1511 1774 1595 1836 loris,
1611 1773 1679 1828 desi·

70 1859 189 1912 satisiam't
202 1858 403 1922 Timosthenes,
418 1857 482 1911 dnm
495 1859 532 1910 ait
544 1857 677 1928 Phryxum
689 1855 795 1925 quidem
807 1873 852 1908 es·
897 1869 958 1928 grat
978 1859 1093 1922 Plinius,
1113 1876 1176 1910 cum
1197 1876 1251 1911 non
1274 1859 1423 1910 meminerit
1446 1856 1499 1910 lani
1518 1859 1606 1922 lovis,
1630 1859 1678 1912 aed

71 1943 385 1999 titmsearasduodeeim
396 1942 457 2007 diis,
470 1947 633 2012 Argonautas
644 1961 707 2000 vero
719 1943 851 2014 Nepmnc,
896 1944 976 1997 solius
1000 1945 1116 2014 Neptuni
1141 1953 1222 2014 ponat
1246 1945 1274 1996 in
1298 1961 1346 1996 ora
1368 1944 1487 2013 Bospori.
1524 1945 1560 1996 At
1583 1943 1679 1997 clarius

71 2047 128 2082 esim
150 2029 297 2098 Dionysiam
314 2029 453 2100 Byzantius
470 2027 541 2080 dicat
556 2030 678 2080 Jasonem
698 2027 762 2080 vatis
778 2025 854 2096 jussu
897 2028 1025 2082 Aristides
1040 2030 1069 2080 in
1094 2029 1212 2081 oratione
1233 2029 1379 2080 Isthmiea:
1403 2051 1416 2072 ι
1431 2029 1547 2091 Omnes,
1574 2028 1676 2098 inquit,

70 2097 228 2169 sacrific&
244 2115 386 2168 duodecim
406 2113 467 2166 diis.
504 2115 579 2166 Vatis
594 2132 647 2166 non
662 2131 758 2166 nomen
771 2113 853 2183 expli·
897 2114 1075 2168 illustrissimae
1098 2125 1127 2166 'et
1148 2114 1323 2167 celeberrime
1348 2125 1434 2183 partes
1457 2123 1532 2166 terrae
1554 2115 1679 2185 Neptuno

70 2211 111 2253 eat
131 2211 183 2254 :at
202 2201 338 2272 explicant
356 2199 399 2252 alii
414 2199 506 2253 Glauci
520 2197 563 2252 dei
588 2201 682 2252 marini
702 2198 854 2268 Orpheique
898 2199 1024 2253 dedicatae
1047 2210 1124 2264 suut;
1146 2203 1174 2252 in
1200 2201 1276 2254 Ponti
1298 2202 1370 2252 enim
1393 2201 1518 2262 introitu,
1537 2198 1583 2252 uhi
1599 2201 1679 2252 maris

69 2286 228 2350 admonitis,
248 2285 292 2338 alii
314 2283 390 2354 jussu
410 2285 519 2349 Phinei,
545 2286 592 2354 qni
620 2283 665 2337 nbi
687 2283 854 2338 sacrificasset
897 2288 1244 2356 angustiaeuricussimaeea
1257 2289 1679 2359 saseaperiuntmareingens,et

70 2382 231 2442 etpreeatns
252 2382 321 2424 asset
347 2371 505 2439 Argonautis
528 2370 625 2423 honam
645 2371 852 2438 navigationem,
899 2383 978 2442 petrae
990 2374 1100 2442 Cyanee
1113 2372 1177 2425 hinc
1197 2373 1338 2425 nominatae
1356 2382 1432 2435 sunt,
1447 2381 1474 2424 et
1486 2382 1568 2442 porte
1582 2374 1677 2436 maris,

71 2475 122 2509 non
131 2475 177 2510 ens
188 2455 360 2509 summisit
371 2454 510 2508 colendum
520 2457 683 2525 Neptunum,
695 2454 741 2506 sed
750 2457 852 2518 Jorem,
898 2474 957 2526 quas
967 2458 1040 2526 prius
1053 2455 1146 2508 drusae
1155 2457 1381 2519 existimabantur,
1391 2473 1443 2508 arse
1452 2466 1514 2507 sunt
1525 2457 1639 2526 Neptuni
1652 2466 1681 2510 et

73 2561 149 2612 quem
165 2543 329 2612 Argonautis
342 2551 431 2594 narrat
446 2559 507 2593 eum
520 2541 640 2593 omnium
659 2550 796 2592 ventorum
808 2558 855 2593 au·
899 2541 1004 2614 temph.
1021 2567 1033 2588 ι
1071 2542 1153 2607 Quod
1162 2543 1184 2594 si
1202 2543 1262 2613 quis
1272 2560 1304 2594 ex
1318 2541 1359 2593 his
1371 2541 1493 2594 Aristidis
1504 2542 1590 2594 verbis
1609 2539 1681 2614 dicat

74 2643 189 2692 uorem,
205 2641 264 2682 tnm
278 2629 435 2691 etesiarum,
448 2627 544 2696 quibus
557 2625 681 2678 flantibus
699 2629 855 2694 Argonautae
898 2644 955 2678 aras
979 2626 1145 2696 ettemplum
1166 2627 1283 2697 Neptuni
1297 2625 1376 2678 luisse
1390 2625 1424 2678 ad
1446 2627 1575 2696 Cyaneas,
1598 2625 1680 2696 idque

76 2717 258 2770 retinehantm
271 2715 340 2786 apud
360 2715 499 2769 Phineum.
536 2712 725 2790 Navigantihus
742 2697 854 2765 enimin
899 2714 1056 2768 confirmare
1070 2717 1169 2768 nitatur
1187 2733 1220 2768 ex
1241 2715 1380 2786 Apollonio
1405 2725 1433 2766 et
1456 2715 1584 2784 Dionysio
1606 2715 1680 2768 orhis

74 2803 185 2854 Pontum
199 2803 287 2854 etesiae
305 2801 375 2854 ventl
389 2799 512 2852 contrarii
526 2799 655 2862 existunt,
673 2798 718 2866 qui
732 2799 759 2849 in
771 2799 855 2850 Ponto
899 2803 1027 2872 scriptore
1035 2800 1198 2854 tradentibus
1204 2801 1317 2854 multum
1329 2819 1401 2853 snare
1412 2811 1439 2852 et
1450 2800 1530 2853 latum
1539 2803 1635 2876 aperiri
1645 2819 1679 2855 ea

74 2897 132 2940 sunt
143 2891 252 2952 Borete,
265 2889 293 2940 in
304 2888 406 2940 Grecis
420 2885 543 2956 Zephyri.
560 2885 707 2938 Etesiarum
728 2883 783 2936 dias
794 2893 856 2936 sunt
899 2888 1008 2957 Bospori
1016 2888 1121 2940 'Ihracii
1133 2905 1194 2950 ore,
1202 2887 1248 2940 uhi
1260 2887 1328 2940 laam
1339 2898 1378 2940 est
1391 2889 1506 2958 Cyaneas
1516 2897 1602 2958 petras
1611 2889 1680 2943 inter

76 2976 264 3045 quadraginta,
287 2986 318 3027 ut
331 2974 484 3045 Apollonius
498 2975 541 3041 (a,
566 2975 639 3041 526)
657 2973 708 3035 ait;
725 2982 754 3023 ut
766 2972 856 3025 Timo·
900 2992 927 3025 se
942 2975 1105 3027 concurrisse
1117 2974 1169 3043 (ad
1179 2992 1244 3045 quas
1254 2992 1270 3029 a
1280 2976 1378 3028 Grecis
1388 2974 1506 3027 Planctus
1516 2985 1680 3046 nuncupatas

76 3064 197 3130 sthenes(
206 3080 249 3133 ap.
261 3062 317 3115 sch.
332 3064 382 3132 Ap.
394 3060 629 3130 ),quinquaginta;
642 3059 771 3128 incipiunt
783 3058 854 3121 llare,
899 3054 1031 3129 prolectns‘
1051 3068 1091 3111 eat
1109 3060 1218 3122 Barim,
1237 3070 1266 3113 ut
1288 3062 1401 3112 Pontum
1415 3070 1533 3130 apertum
1553 3068 1580 3113 et
1598 3060 1680 3117 latum

75 3166 133 3199 cum
147 3148 186 3199 sol
200 3158 239 3199 est
260 3148 288 3198 in
310 3146 362 3199 line
378 3146 488 3208 Cancri;
515 3144 580 3197 liant
599 3154 685 3196 autem
704 3160 751 3213 per
771 3152 855 3195 tntum
900 3141 1013 3207 videret,
1029 3144 1090 3206 ubi,
1105 3154 1136 3196 ut
1157 3146 1194 3196 ait
1206 3142 1372 3206 Herodotus,
1387 3144 1416 3196 in
1429 3142 1490 3195 lano
1503 3143 1595 3196 sedens
1615 3163 1679 3199 oon·

76 3235 208 3295 misem,
222 3242 248 3285 et
262 3232 425 3283 desinuntin
438 3228 522 3283 media
536 3228 790 3299 Virginelmchnl.
803 3232 854 3299 Ap.
899 3227 1037 3298 templatus
1055 3237 1095 3279 est
1112 3229 1227 3280 Pontum
1247 3227 1425 3292 mirabilem),
1444 3246 1475 3280 ac
1495 3230 1517 3280 si
1537 3240 1679 3299 prumea,

76 3319 152 3381 lih.).
191 3318 286 3371 Etesiis
299 3316 379 3384 igitur
393 3316 491 3367 interea
504 3312 569 3367 dum
590 3318 747 3383 Argonautae
760 3314 856 3366 retine·
899 3314 1017 3383 quisquis
1028 3313 1069 3365 ille
1081 3311 1338 3381 fuerit,adjungates
1347 3313 1389 3367 his
1399 3312 1449 3365 sibi
1460 3312 1571 3366 dnhium
1586 3313 1679 3380 rideri,

76 3414 175 3465 rentm,
211 3400 325 3454 Phineus
351 3399 393 3451 his
417 3399 544 3470 explicat,
572 3408 602 3451 ut
638 3400 764 3452 Aristeus
795 3399 854 3451 lovi
899 3398 1035 3452 anianum
1044 3400 1116 3451 lovis
1129 3410 1155 3451 et
1166 3400 1282 3469 Neptuni
1291 3398 1389 3452 suerint
1398 3398 1470 3470 apud
1483 3401 1681 3469 Cyaneasinsu·

77 3481 189 3557 ’laymiap
213 3504 274 3539 cum
306 3497 453 3539 ceterorum
478 3495 616 3538 ventorum
640 3496 697 3539 tum
718 3486 856 3537 etesiarum
901 3483 937 3536 las
957 3502 965 3537 ε
987 3482 1023 3535 illi
1041 3482 1205 3552 respondeo,
1218 3484 1349 3552 ingentem
1369 3484 1484 3537 Pontum
1506 3486 1601 3554 aperiri
1625 3504 1680 3539 non

76 3594 146 3627 aiam
164 3575 249 3652 erepit
268 3576 294 3625 in
310 3575 366 3627 Coo
380 3572 480 3636 insula,
500 3582 638 3643 propterea
650 3570 722 3642 quod
737 3573 822 3623 etesiae
841 3589 856 3623 a
900 3565 981 3619 modo
992 3585 1025 3619 es
1043 3568 1134 3619 insulis
1147 3568 1273 3637 Cyaneis,
1292 3568 1338 3620 sed
1349 3568 1428 3620 etiam
1445 3586 1477 3620 es
1500 3571 1572 3621 Fano
1587 3572 1676 3636 loris,

76 3664 140 3713 lore
161 3659 261 3711 dantur
280 3657 314 3711 ad
330 3656 521 3726 refrigerandos
535 3656 633 3710 calores
649 3672 656 3707 t
680 3656 749 3709 uude
767 3666 856 3727 postea
900 3652 972 3724 quod
983 3652 1062 3705 hodie
1078 3644 1159 3724 ‘lepis
1173 3654 1258 3707 Greci
1268 3656 1419 3718 nominant,
1432 3654 1608 3725 atqueadcoa
1623 3656 1681 3711 loco

77 3745 136 3795 Cois
149 3743 207 3811 lege
228 3742 357 3793 ιιιιάιιιιιι
372 3739 422 3792 luit
434 3741 574 3809 quotannis
590 3756 650 3791 cum
669 3740 750 3791 nmis
770 3738 857 3791 obser·
900 3742 1009 3810 Bospori
1027 3740 1156 3809 penitiore
1169 3750 1196 3793 ct
1215 3738 1290 3809 longe
1310 3732 1476 3804 interiorijs
1495 3742 1605 3811 Cyaneis
1621 3744 1681 3814 plus

78 3848 135 3882 rare
152 3838 277 3881 monum
297 3826 438 3891 canicule,
459 3826 561 3897 ipsique
578 3824 739 3887 sacrificare,
760 3840 775 3877 a
803 3840 857 3893 quo
902 3842 982 3893 quam
1000 3821 1173 3893 quadraginta
1195 3822 1279 3877 stadia
1300 3822 1423 3889 distanti,
1441 3842 1520 3894 quem
1539 3826 1681 3896 Dionysius

79 3918 144 3969 renti
164 3916 253 3968 etesiae
273 3914 336 3967 liare
356 3914 486 3983 incipiunt
505 3911 539 3964 ad
559 3908 761 3980 refrigerandam
782 3920 857 3963 terrae
901 3911 1041 3980 Byzantius
1062 3909 1173 3981 appellat
1191 3910 1296 3964 (larem
1307 3911 1401 3973 Ponti,
1420 3910 1468 3964 uhi
1482 3910 1549 3964 dicit
1562 3914 1677 3966 Pontum

79 4004 229 4055 siccitatem.
268 4000 490 4051 Hmcnarrantem
501 3997 630 4049 Phineum
644 4013 704 4048 cum
716 3994 857 4048 audiissent
901 3994 1076 4049 eminentibus
1097 3996 1285 4065 promontoriis
1297 3994 1415 4049 clausum
1435 3996 1550 4065 incipere
1567 3998 1678 4067 aperiri,

79 4090 250 4155 Argonautae,
265 4100 310 4136 eos
324 4082 404 4135 tradit
420 4080 573 4151 Apollonius
585 4080 716 4133 transiisse
733 4078 767 4131 ad
786 4080 858 4132 littus
901 4082 974 4135 nullo
985 4083 1170 4153 promontorio
1188 4082 1299 4153 amplisu
1320 4081 1479 4151 impediente
1500 4100 1590 4135 verum
1606 4100 1680 4154 upa.

80 4171 257 4233 contrarium,
270 4168 315 4221 uhi
336 4184 409 4219 amm
425 4164 565 4219 duodecim
584 4166 635 4217 diis
655 4167 855 4228 constituerent,
901 4176 973 4220 ctum
997 4167 1094 4231 masis,
1121 4166 1355 4237 Symplegadasque
1371 4166 1450 4219 fnisse
1474 4166 1537 4219 olim
1555 4166 1680 4220 ileaiones

80 4260 163 4327 eisque
185 4254 384 4309 sacrificarent:
408 4270 441 4305 ex
465 4252 560 4323 quibus
580 4249 660 4305 iason
675 4250 779 4303 vidntur
796 4267 856 4301 eum
901 4252 1034 4303 variorum
1053 4262 1080 4303 et
1103 4252 1285 4321 multiplicium
1306 4252 1571 4323 promontoriorum:
1593 4253 1680 4321 itaque

80 4344 201 4412 Neptuno
215 4350 274 4393 tum
288 4338 402 4393 manime
420 4338 478 4391 Jovi
491 4337 558 4388 Urio
575 4334 743 4397 saerilimsse,
759 4344 788 4387 ut
801 4333 855 4404 pla·
902 4335 1044 4390 Aristidem
1055 4354 1110 4391 non
1122 4338 1264 4407 intelligere
1275 4340 1391 4409 Cyaneas
1408 4337 1521 4399 insulas,
1532 4337 1578 4391 sed
1600 4356 1680 4410 rupes

29 4472 38 4483 .
80 4440 144 4481 earet
155 4428 267 4490 etesias,
280 4434 423 4495 ventosque
434 4422 562 4477 secundos
575 4420 748 4485 daret,unde
761 4422 857 4491 posteri
902 4423 1019 4490 ingentes
1030 4438 1062 4473 ex
1074 4431 1187 4493 utroque
1199 4422 1277 4475 latere
1289 4424 1421 4491 cingentes
1431 4424 1680 4493 Bosporum,atque

82 4516 178 4567 Panum
187 4514 263 4567 Jovis
272 4512 330 4565 Urii
344 4510 516 4582 appellarunt,
527 4510 697 4570 utArrisnus,
706 4507 857 4577 Menippus,
902 4506 1002 4561 radices
1023 4510 1213 4578 promontorii,
1234 4508 1280 4561 ubi
1302 4518 1433 4579 spectatur
1455 4525 1502 4561 ars
1530 4518 1680 4579 nuncupata

83 4600 239 4669 (Dionysius
261 4594 445 4668 Byzantium).
482 4593 533 4647 Sed
552 4612 586 4647 an
606 4592 676 4645 idem
707 4594 807 4645 Fanum
826 4593 859 4643 sit
903 4595 1136 4658 Fanum,cumes
1145 4592 1282 4647 antedictis
1294 4586 1582 4665 oohigenpotes,tum
1595 4612 1679 4659 eaeo,

113 4840 138 4891 3.
162 4839 307 4909 Dionysius
328 4837 467 4907 Byrantius
485 4836 512 4886 in
532 4836 564 4887 iis
578 4850 636 4903 quse
649 4832 749 4903 Gyllius
768 4832 857 4899 dedit,
904 4836 931 4888 in
954 4835 1095 4905 Bithyniae,
1121 4835 1201 4905 quod‘
1216 4844 1305 4896 vocat,
1332 4835 1515 4904 promontorio
1532 4832 1677 4890 collocaret.

81 4919 147 4971 lusis
164 4918 223 4970 Urii
237 4934 292 4969 non
307 4915 437 4967 meminit.
453 4913 568 4983 Gyllinm
582 4911 610 4963 h.
620 4912 647 4963 l.
664 4912 789 4963 memoria
803 4912 857 4983 lap-
903 4913 961 4963 lmn
981 4909 1047 4964 dicit
1062 4910 1124 4981 psci
1136 4910 1166 4962 th
1187 4910 1272 4981 Bedpn
1286 4911 1328 4963 aul
1346 4911 1384 4963 ιδ’
1397 4910 1463 4981 lapis
1485 4915 1528 4977 τῆς
1548 4910 1681 4982 Ἀρτέμιδος

82 5014 136 5049 sum
151 5014 206 5049 esse
224 5012 305 5066 quam
327 4994 356 5047 in
373 4998 474 5045 antece.
497 4990 615 5061 Dionysii
630 4988 708 5041 verbs
727 4998 859 5043 truncasse
904 4986 1301 5056 (5605'.1o'43)enettuwta<
1313 4990 1389 5060 dapes
1401 4988 1467 5058 (5ιῖο
1480 4989 1532 5053 45¹.
1546 4988 1678 5057 43020'),

81 5074 233 5145 probabilius
246 5082 295 5125 est.
902 5084 960 5137 quse
972 5066 1079 5137 quidem
1093 5066 1155 5135 dape
1172 5084 1233 5119 caim
1250 5069 1378 5138 Ancyraeo
1390 5069 1571 5138 promontorio
1582 5067 1680 5137 Diony·

113 5156 138 5215 l.
158 5155 191 5203 Ire
201 5148 358 5222 profanum
373 5146 484 5213 Dmnoe}
500 5144 575 5199 Falso
586 5144 686 5213 Gyllius
705 5142 732 5195 h.
747 5142 763 5195 Ι.
777 5154 803 5196 et
819 5145 858 5197 in·
902 5144 933 5195 sii
947 5142 1128 5213 componenda
1142 5141 1230 5196 fuerit.

82 5228 117 5282 im
128 5231 160 5283 ita
171 5229 289 5299 loquitur
299 5226 375 5297 quusi
393 5222 546 5277 Ptolemaeus
559 5224 613 5284 vt,
632 5238 654 5287 ι,
667 5218 755 5273 lanum
768 5222 857 5273 Biana
