3884 5925
251 476 287 526 οι
353 519 356 527 Α
771 453 773 457 ‘
837 437 1218 533 annuntiant

248 599 349 668 navigia
360 600 499 670 piscatoria
513 599 699 653 subducuntur
714 603 741 653 in
759 602 895 654 stationem
919 603 968 655 sub
982 603 1031 656 do-
1078 605 1202 674 antiqua,
1218 621 1276 674 quae
1290 606 1432 676 Dionysius
1454 607 1590 678 Byzantius
1605 607 1731 664 describit
1748 612 1856 664 atertio

248 704 306 739 mos
316 687 486 758 piscatorum.
503 689 588 740 Pisces
600 688 705 740 velutin
718 689 825 741 latibula
842 699 869 742 et
883 707 978 762 pascua
991 708 1032 743 rc·
1076 690 1140 742 colle
1151 689 1184 742 ad
1197 702 1300 743 sextum
1313 689 1415 746 collem.
1546 680 1551 690 ⁵

247 773 375 842 fugientes
386 775 526 844 capiuntur
537 774 637 828 retibus
646 775 779 845 appellatis
788 775 893 847 lipparis
900 777 1030 846 suspensis
1092 793 1096 798 ·

247 877 280 911 ex
292 861 374 928 tigno.
388 859 446 912 Hoc
461 876 542 927 genus
556 861 704 930 piscationis
716 871 840 931 tanquam
855 860 1028 915 domesticum

247 954 369 998 exercent
381 944 508 1010 soeminae3
519 947 568 998 viri
581 956 667 999 autem
680 948 773 1018 procul
783 949 930 1017 placentum
943 967 1029 1019 neque

245 1030 279 1084 ad
298 1032 366 1084 hanc
378 1033 547 1102 piscationem
566 1051 633 1104 opus
652 1043 691 1086 est
707 1035 812 1103 magnis
833 1035 1026 1100 instrumentis,
1111 1047 1217 1105 «Part,
1235 1045 1336 1114 inquit,
1354 1043 1498 1096 Scironides
1511 1057 1603 1117 petras
1621 1045 1705 1118 (aptas
1717 1057 1778 1098 ante
1794 1045 1853 1098 disi

245 1116 289 1169 sed
317 1116 445 1169 duntaxat
475 1135 530 1170 uno
556 1119 628 1186 tigno
654 1119 709 1170 sive
736 1120 823 1189 stipite
848 1119 902 1171 sive
926 1121 1027 1173 arboris
1074 1126 1150 1179 luisse
1163 1127 1225 1179 olim
1240 1126 1274 1179 ad
1293 1126 1393 1180 radices
1408 1128 1475 1179 tertii
1496 1126 1587 1198 collis)
1609 1127 1711 1194 longum
1726 1129 1805 1180 littus
1817 1128 1857 1179 ad

243 1215 338 1256 trunco
350 1205 404 1255 sive
420 1205 494 1255 navis
506 1202 669 1256 exolescente
685 1205 755 1256 malo
778 1208 831 1257 sive
847 1217 969 1269 antenna,
983 1207 1028 1259 ha·
1069 1213 1203 1284 piscanum
1221 1225 1299 1285 utque
1310 1215 1348 1266 ad
1360 1214 1424 1266 catti·
1436 1214 1602 1267 altitudinem
1618 1216 1698 1268 nullis
1717 1216 1855 1268 littoribus

243 1289 321 1340 betlle
345 1287 465 1340 infimum
489 1297 569 1358 capul
592 1289 660 1340 lsslffl
682 1287 792 1341 domum
816 1291 939 1362 plstffltlls
966 1291 1027 1342 sul>-
1071 1301 1150 1352 etiam
1166 1301 1274 1374 optimis
1287 1302 1489 1363 deterirts,·narn
1503 1321 1536 1354 ex
1543 1303 1639 1374 parteis
1650 1323 1729 1375 usqne
1738 1304 1778 1356 ad
1785 1324 1856 1354 mar-

242 1376 350 1438 nixum,
371 1375 482 1428 alterum
507 1393 659 1446 supremum
680 1387 754 1428 etita
774 1377 884 1431 domum
909 1380 1027 1430 eminens
1069 1386 1155 1451 a'incrn
1164 1386 1326 1459 prafundum
1340 1400 1392 1449 cst,
1409 1399 1434 1438 et
1448 1405 1518 1439 utare
1527 1389 1663 1461 placidum
1679 1390 1851 1460 etqrtietunr,

242 1461 335 1513 leniter
355 1479 481 1532 pronum.
504 1463 542 1512 Ex
566 1461 641 1531 cujus
657 1479 762 1515 summo
780 1465 863 1535 capite
878 1455 1026 1536 'appensam
1071 1483 1097 1523 et
1112 1472 1189 1525 littus
1201 1473 1277 1547 atlitu
1285 1473 1383 1542 facile,
1398 1487 1575 1546 nuncupatum
1591 1463 1680 1544 (feld,
1699 1496 1732 1528 ex
1742 1496 1772 1528 eo
1785 1477 1857 1547 quod

241 1549 370 1620 hypocam
393 1549 456 1601 lune
480 1567 528 1620 per
544 1551 686 1602 trochleam
707 1550 815 1621 trejecto
835 1553 977 1606 demittunt
998 1555 1025 1606 in
1072 1557 1099 1610 in
1119 1559 1165 1610 boe
1181 1557 1268 1610 littore
1289 1558 1375 1612 Graeci
1392 1560 1517 1613 barbaros
1536 1562 1719 1614 circumclusos
1739 1561 1855 1614 dericis·

241 1651 337 1706 aquam
357 1635 470 1688 foeminae
491 1635 611 1688 fenestris
633 1636 797 1702 insistentes,
819 1650 845 1692 et
867 1639 1026 1693 subtrahunt
1068 1655 1136 1698 sent.
1149 1647 1183 1696 In
1194 1643 1277 1696 rodam
1291 1643 1592 1698 littorearaconsecrata
1603 1658 1641 1697 est
1653 1647 1781 1699 Mineruae
1793 1647 1856 1698 Dis·

241 1722 375 1792 aliquanto
387 1732 462 1792 post,
481 1739 540 1774 cum
557 1721 670 1805 loerninis
684 1722 743 1775 licet
754 1742 809 1776 esse
827 1726 917 1786 otiosis
931 1743 946 1778 a
958 1736 1026 1778 cete·
1070 1729 1222 1801 ripatoriae,
1242 1729 1380 1796 designans
1399 1749 1432 1781 ex
1445 1719 1655 1800 circumclusione
1674 1732 1857 1786 rrirdtitadinis

240 1811 277 1862 ris
291 1810 401 1878 negotiis
416 1809 579 1873 domesticis;
597 1820 652 1874 aut,
668 1812 689 1862 si
705 1811 769 1864 nihil
783 1811 853 1874 ¹aliud
865 1814 960 1881 negotii
979 1813 1024 1865 ha·
1070 1813 1279 1889 dissipationem.
1297 1840 1308 1860 ι
1450 1802 1457 1812 ’

222 1902 226 1914 “
240 1897 314 1961 beni,
330 1896 421 1950 sedent
434 1897 462 1948 iu
474 1897 595 1950 tabulatis
608 1899 819 1968 prominentibus
835 1899 873 1951 vel
887 1901 1025 1952 mersionis
1105 1902 1247 1970 Hucusque
1257 1902 1407 1970 Dionysius.
1422 1900 1499 1972 Cycla
1508 1912 1536 1964 et
1548 1921 1591 1954 ara
1599 1903 1724 1954 Minervae
1738 1904 1856 1974 Dissipa-

241 1993 332 2035 neutes
344 1993 390 2035 aut
405 1983 545 2034 sarcientes
563 1993 608 2036 aut
623 1984 731 2036 omnino
749 1985 829 2036 animi
851 1986 1024 2040 causantian·
1071 1988 1145 2038 toriae
1160 1987 1266 2039 luerunt
1279 1989 1305 2040 in
1319 1989 1448 2040 maritima
1458 1989 1564 2060 planitie
1576 1989 1689 2059 subjecta
1700 1990 1750 2041 snb
1762 1990 1854 2042 uallem

240 2079 292 2131 tcs,
314 2067 481 2137 speculantur
504 2068 587 2137 pisces
609 2067 674 2121 reba
697 2069 851 2132 subeuntes,
875 2070 909 2122 ad
927 2089 1024 2141 eosque
1055 2070 1141 2124 'urhis
1155 2073 1269 2136 tertiam,
1281 2091 1361 2143 quam
1375 2072 1593 2126 efficiunttertius
1605 2085 1749 2144 etquartus
1763 2075 1854 2138 colles,

1404 868 1451 926 Fr.
1477 879 1523 931 tt.

239 2155 432 2208 subtrahendos
442 2165 595 2224 assurgunt,
610 2167 646 2219 et,
661 2158 774 2208 remissis
784 2157 902 2228 hyperis,
919 2159 951 2211 ad
964 2160 1023 2212 olli·

239 2243 279 2294 eia
293 2240 438 2294 domestica
456 2241 577 2296 redeunt.
607 2245 675 2297 Cum
694 2244 763 2297 hatte
777 2247 947 2316 piseationem
965 2265 1023 2316 spe-

239 2339 347 2390 ctarem,
357 2327 465 2380 videbar
479 2329 575 2380 intueri
586 2328 634 2382 tale
646 2330 780 2400 quippiam
790 2331 866 2401 quale
877 2333 955 2384 etiarn
967 2333 1022 2385 lieri

240 2413 293 2465 ridi
303 2415 329 2466 in
339 2412 434 2484 palude
443 2413 574 2478 Prusiade,
588 2433 666 2485 quam
679 2415 823 2468 accolentes
831 2435 911 2487 snpra
924 2417 1023 2470 defixas

239 2498 350 2552 sublicas
363 2499 389 2550 in
404 2499 489 2551 media
504 2499 598 2571 palude
613 2500 728 2554 tabulata
744 2502 872 2554 collocant
892 2503 1022 2555 sustineo·

238 2586 273 2636 tia
292 2603 379 2648 casas,
395 2602 449 2636 uno
463 2585 598 2655 ponticulo
619 2586 721 2640 aditum
741 2587 865 2640 habentes
885 2606 917 2640 ex
939 2591 1022 2641 conti·

238 2674 325 2738 nenti,
345 2684 372 2726 et
386 2673 455 2726 loces
467 2674 534 2726 inter
548 2673 662 2727 tabulata
678 2685 826 2745 conpunctas
843 2674 967 2727 deorsum
988 2675 1021 2727 ad

237 2761 359 2832 paludem
380 2779 470 2814 versus
489 2760 648 2824 deserentes,
671 2763 698 2814 in
714 2762 811 2832 quilius
829 2761 938 2831 degunt.
953 2765 1021 2816 Puo-

183 2867 187 2876 ·
236 2867 328 2904 rorum
339 2849 509 2920 parvulorum
520 2849 598 2920 pedes
611 2849 674 2902 lune
691 2850 812 2919 alligant,
829 2861 976 2903 metuentes
988 2871 1022 2904 ne

239 2937 265 2988 iu
285 2935 407 3006 paludem
421 2935 585 2992 delabantur.
613 2937 697 2991 Tanta
715 2949 754 2991 est
770 2939 796 2991 in
813 2938 862 2991 hac
870 2937 965 3009 palude
980 2940 1020 3009 pi·

238 3042 322 3077 scium
336 3026 421 3095 cuspin,
443 3036 472 3077 ut
489 3026 591 3095 quoties
603 3026 662 3095 quis
679 3023 787 3094 januam
801 3027 967 3089 reseraverit,
987 3044 1019 3077 est

238 3127 321 3179 entius
334 3110 464 3162 calathum
479 3120 523 3163 aut
534 3121 649 3180 sportam
662 3108 796 3162 demiserit
808 3128 925 3168 vnttuam.
943 3112 1021 3183 prato

236 3204 296 3268 post
313 3193 427 3246 retrahat
447 3196 558 3266 piscium
583 3194 699 3265 plenam.
722 3192 802 3247 Paulo
827 3196 894 3248 ultra
916 3206 1019 3267 portam

236 3279 428 3337 Blachernieam
451 3280 576 3354 objicitur
589 3298 681 3332 murus
696 3290 872 3342 transversus,
894 3300 908 3333 a
926 3284 1020 3334 inmisi·

236 3365 287 3421 bus
305 3366 378 3421 urbis
400 3367 511 3437 sinuque
525 3366 703 3423 intermissum
724 3367 837 3437 spatium
858 3386 961 3431 secans,
976 3368 1020 3421 ha·

238 3451 302 3509 lteris
318 3463 437 3522 portam,
452 3471 484 3504 ex
496 3438 564 3523 qua,
591 3454 725 3521 sexagenis
742 3454 861 3525 passibus
880 3454 1018 3517 contectis,

236 3537 301 3591 ulter
316 3556 408 3593 murus
421 3548 581 3598 transversus
596 3538 738 3597 obducitur
751 3541 838 3611 ptimo
853 3558 930 3591 muro
944 3542 1018 3592 simi·

237 3625 285 3685 tts;
301 3625 397 3677 abhinc
410 3636 515 3685 centum
529 3644 619 3700 passus
633 3626 697 3679 urbs
708 3626 800 3679 linitur
811 3629 906 3697 angulo
919 3647 974 3680 uno
987 3648 1019 3681 cx

236 3710 320 3762 tribus
334 3710 475 3779 grandibus
490 3710 580 3763 urbem
596 3711 750 3779 triangulam
765 3710 947 3769 efficientibus.
960 3706 1020 3767 'Ab

235 3798 287 3850 hoc
302 3797 398 3867 angulo
409 3798 442 3855 acl
463 3809 564 3869 portam
584 3800 673 3851 Neorii
687 3800 727 3852 vin
741 3798 791 3855 lata
804 3811 888 3871 patet,
903 3802 1020 3854 silicibus

235 3894 366 3937 constrata
383 3902 472 3943 secans
491 3884 604 3955 spatium
623 3884 765 3954 quoddixi
788 3886 888 3939 ambire
914 3905 1018 3950 mutos,

235 3982 398 4035 contractum
412 3971 534 4041 quidem,
550 3971 595 4025 sed
610 3974 686 4025 variae
697 3972 859 4037 latitudinis,
885 3992 944 4026 nam
959 3986 1020 4033 ante

234 4058 309 4111 urhis
319 4058 548 4130 portasplcrasque
555 4058 632 4111 latius
641 4070 680 4111 est
689 4059 880 4128 quinquagenis
890 4059 1017 4130 passibus.

234 4144 266 4198 Id
282 4146 430 4205 minutatim
444 4155 566 4205 excutere
581 4144 665 4209 volui,
682 4156 711 4197 ut
722 4155 827 4222 pateant
839 4145 895 4205 loca
917 4146 1018 4200 lucilius

271 4328 315 4378 Fr.
333 4342 374 4377 tt.
392 4324 483 4393 Cycla}
499 4322 528 4375 τὰ
543 4321 640 4386 teuta,
659 4332 687 4375 ut
700 4338 715 4373 e
727 4319 759 4379 fr.
778 4338 808 4375 12
818 4332 897 4392 patet.
913 4323 938 4374 si
951 4320 1015 4392 quid

235 4402 404 4455 tribuendum
413 4414 451 4454 est
459 4401 621 4472 etymologiae
630 4400 777 4471 aDionysio
785 4400 875 4462 allate,
888 4411 1018 4471 exspecta·

236 4482 304 4535 veris
318 4481 406 4533 locum
427 4480 479 4533 dici
494 4480 603 4541 liixlua,
623 4480 672 4531 nisi
688 4478 754 4532 sorte
774 4480 825 4531 hue
841 4480 943 4532 trahere
955 4479 1017 4531 velis

235 4558 424 4630 quodlegitur
440 4558 510 4629 apud
524 4561 644 4612 Gramm.
659 4559 688 4611 ln
705 4558 823 4611 Crameri
837 4556 937 4619 Aueed.
953 4568 973 4609 t.
988 4574 1015 4623 a,

235 4656 263 4709 p.
276 4638 341 4701 383,
360 4639 410 4691 30:
434 4637 549 4702 Κύκλα,
571 4634 692 4707 ἐπίρρημα
713 4636 822 4701 tentalis,
844 4635 959 4689 eludenti
980 4656 1018 4689 κυ-

236 4716 335 4780 κλόθεν,
355 4716 400 4769 ubi
414 4716 532 4769 Dindorl
541 4717 588 4784 (iu
607 4716 687 4769 Thes⁸
707 4732 733 4767 v.
753 4714 859 4783 κύκλος)
875 4714 957 4786 κύκλῳ
977 4734 1017 4767 re·

235 4794 389 4868 ponendum
396 4812 451 4848 esse
458 4797 613 4867 suspicatur.
622 4794 703 4863 Quod
709 4794 786 4865 Cycla
794 4794 960 4865 Gy'llluscum
970 4798 1018 4865 Cy-

236 4874 323 4928 clobio
332 4872 449 4938 castello,
460 4872 535 4945 cujus
546 4892 660 4947 persepe
669 4876 802 4945 sequiores
813 4876 952 4945 scriptores
962 4892 1017 4926 me·

236 4955 385 5017 minerunt,
398 4953 549 5022 componit,
564 4952 592 5005 id
605 4970 697 5025 parum
709 4962 779 5012 recte
790 4951 856 5017 lieri,
872 4970 954 5022 quum
969 4952 1019 5023 cy-

237 5030 352 5084 ctobium
369 5026 402 5081 ad
420 5028 494 5080 urbis
515 5028 581 5081 latus
601 5026 756 5099 Propontidi
779 5028 918 5079 obversum
937 5029 1017 5097 pcrti-

238 5120 307 5171 neat,
320 5108 397 5160 docet
406 5108 556 5175 Ducangius
566 5108 583 5162 l.
594 5107 613 5162 l.
624 5125 651 5177 p.
663 5107 706 5169 bi.
718 5136 753 5146 -
764 5105 885 5161 illirrarsue
897 5104 1018 5177 Dissipa-

239 5186 322 5259 toriie]
334 5184 502 5257 probabiliter
516 5182 612 5250 Ἀθηνᾶς
624 5188 666 5250 τῆς
677 5183 800 5253 τροπαίοις,
812 5184 885 5235 sicuti
898 5183 1017 5236 Lacedae·

215 5271 315 5332 'unone
339 5265 464 5342 templum
486 5276 540 5319 erat
561 5268 604 5318 τοῦ
625 5266 739 5336 τροπαίου
759 5264 813 5326 Διός
835 5264 962 5337 (Pausan.
987 5268 1016 5331 3,

1067 2161 1220 2230 Cyclobium
1235 2179 1250 2212 a
1265 2162 1376 2231 posteris
1392 2162 1547 2232 appellatum
1563 2162 1677 2215 arbitror
1693 2182 1725 2214 ex
1738 2167 1853 2224 Zonaia,

1067 2265 1127 2300 eum
1149 2248 1185 2299 ait
1212 2249 1368 2319 imperatore
1389 2249 1561 2301 Constantino
1581 2251 1730 2318 Progonato
1753 2255 1855 2318 Agaro-

1066 2353 1114 2387 nos
1125 2336 1196 2403 gravi
1210 2335 1289 2387 classe
1307 2335 1399 2387 urbem
1414 2335 1556 2399 obsedisse,
1573 2354 1632 2408 que
1651 2338 1791 2389 stationem
1805 2338 1853 2389 ha·

1066 2422 1144 2476 bebai
1155 2441 1169 2475 a
1179 2425 1361 2494 promontorio
1381 2423 1520 2476 Hebdomo
1530 2425 1580 2476 sito
1594 2424 1627 2476 ad
1637 2442 1758 2477 occasum
1770 2443 1855 2495 usque

1067 2509 1101 2561 acl
1117 2510 1271 2580 Cyclobiou.
1284 2511 1409 2563 Similiter
1423 2511 1464 2563 alii
1480 2511 1598 2564 historici
1615 2511 1725 2564 tradunt
1735 2513 1768 2564 ab
1783 2513 1855 2564 llcb·

1067 2595 1149 2648 domo
1163 2597 1348 2668 promontorio
1360 2608 1440 2667 atque
1453 2615 1468 2649 a
1482 2597 1563 2650 domo
1574 2600 1716 2666 Magnaura
1729 2597 1763 2649 ad
1776 2616 1853 2650 cicca-

1066 2700 1124 2734 sum
1153 2683 1345 2753 pertinentibus
1369 2702 1453 2753 usque
1479 2683 1513 2736 ad
1541 2684 1666 2754 palatium
1688 2684 1850 2754 Cyclahinn,

1065 2767 1232 2838 spectansod
1257 2770 1405 2833 orientem,
1422 2769 1524 2821 stetisse
1538 2769 1644 2822 classem
1658 2770 1851 2837 Agerenomm.

1065 2853 1137 2920 Quid
1158 2855 1191 2905 sit
1213 2853 1383 2906 Hebdomon
1406 2856 1633 2925 promontorium,
1657 2853 1796 2907 ostendam
1824 2857 1853 2907 in

1068 2940 1220 2993 tractatione
1235 2937 1317 2995 urhis.

1394 3105 1443 3164 Fr.
1472 3116 1514 3165 tr.

1099 3278 1202 3331 'Deinde
1214 3279 1377 3348 Dionysius:
1398 3304 1408 3322 ·
1427 3279 1516 3349 (yria,
1535 3281 1636 3349 inquit,
1659 3280 1755 3332 Melius
1774 3281 1853 3333 sinus

1064 3366 1180 3440 excipit,
1192 3366 1316 3439 piscosus
1333 3365 1437 3438 quidem
1455 3366 1482 3419 si
1496 3366 1555 3437 quis
1575 3367 1665 3419 alitis:
1682 3368 1709 3420 in
1728 3370 1851 3420 omnibns

1063 3454 1131 3505 enim
1148 3470 1233 3505 nntius
1249 3464 1372 3524 serperet,
1388 3452 1576 3525 promontoriis
1589 3452 1803 3523 prominentibus
1824 3468 1851 3506 et

1063 3539 1186 3593 carttibus
1197 3538 1328 3609 sabaque
1339 3538 1549 3591 delitescentibus
1564 3539 1684 3609 utrinque
1698 3542 1849 3596 eonelrasus.

1064 3628 1117 3681 Hic
1131 3622 1216 3690 sinus,
1228 3645 1247 3678 n
1257 3626 1369 3697 qttodum
1379 3626 1452 3679 beroe
1464 3626 1586 3693 mltum
1598 3639 1749 3699 nuncupato
1761 3631 1849 3681 Melia

1067 3734 1155 3767 rtomen
1169 3714 1297 3787 adeptus,
1314 3725 1343 3766 ut
1358 3712 1504 3785 plurimum
1522 3731 1655 3783 nunquam
1663 3711 1741 3775 lolli!
1748 3713 1849 3784 pisca·

1067 3811 1155 3852 torem.
1178 3827 1189 3847 ι
1208 3835 1214 3845 ·

1096 3884 1163 3935 Cum
1187 3899 1219 3933 ex
1240 3880 1282 3931 his
1301 3880 1386 3931 verbis
1400 3879 1535 3949 Dionysii,
1551 3888 1607 3931 tum
1629 3897 1662 3931 ex
1683 3879 1740 3947 ejus
1758 3880 1848 3948 aruspli

1061 3970 1157 4023 ordine
1169 3969 1257 4021 sinum
1268 3967 1374 4020 Meliam
1387 3967 1509 4021 existimo
1521 3965 1583 4018 alibi
1595 3983 1652 4017 esse
1661 3983 1717 4017 uon
1728 3968 1848 4035 potuisse

1063 4074 1143 4128 quam
1157 4058 1185 4108 iu
1198 4056 1275 4108 teriia
1288 4054 1361 4107 urbis
1376 4052 1440 4106 valle
1451 4054 1536 4105 cineta
1549 4053 1674 4121 utrinque
1686 4063 1846 4122 promonto-

1063 4146 1110 4198 rils
1121 4144 1192 4197 tertii
1206 4153 1233 4195 ct
1246 4143 1333 4213 quarti
1351 4141 1439 4204 oollis;
1461 4158 1520 4211 qriae
1533 4141 1581 4192 etsi
1596 4139 1652 4209 jam
1672 4141 1741 4192 iutra
1754 4156 1848 4192 muros

1064 4338 1095 4373 ta
1106 4359 1113 4385 ,
1126 4324 1170 4388 9).
1185 4322 1317 4371 iunonem
1328 4334 1434 4388 quoque
1441 4317 1558 4386 τροπαίαν
1573 4332 1710 4368 occurrere
1723 4316 1844 4367 memisri.

1060 4400 1153 4452 Nescio
1173 4416 1207 4451 an
1226 4408 1296 4450 reete
1317 4397 1370 4449 huc
1383 4395 1493 4449 referam
1508 4396 1587 4447 verba
1607 4394 1729 4464 Hesychii
1749 4394 1847 4447 Milesii

1060 4480 1075 4545 ς
1089 4479 1120 4529 31
1134 4495 1162 4547 p.
1181 4476 1229 4529 152
1241 4492 1248 4532 ;
1260 4476 1310 4532 Τοῦ
1323 4474 1349 4530 δὲ
1362 4475 1471 4544 Χάρητος
1483 4472 1517 4535 εἰς
1533 4472 1632 4539 Ἀθήνας
1646 4471 1842 4537 ἐκπλεύσαντος,

1061 4554 1229 4626 Πρωτόμαχος
1239 4552 1283 4618 τὴν
1297 4552 1461 4626 στρατηγικὴν
1481 4550 1561 4622 ἀρχὴν
1575 4554 1725 4620 διαδέχεται·
1742 4552 1770 4611 ὃς
1787 4554 1846 4614 taire

1060 4632 1239 4694 laurentiacus
1251 4632 1348 4703 Θρᾷκας
1359 4630 1548 4691 metastasis
1560 4633 1612 4691 τοῖς
1625 4629 1710 4689 ὅπλοις
1722 4627 1747 4680 ἔν
1757 4636 1795 4700 τῷ
1805 4651 1848 4682 κα-

1060 4712 1173 4785 λουμένῳ
1183 4716 1225 4779 τῆς
1234 4712 1329 4773 πόλεως
1338 4710 1429 4780 Μηλίῳ
1441 4710 1538 4779 χάλκεα
1545 4708 1645 4774 ἀνέθηκε
1656 4710 1770 4779 τρόπαια.
1782 4711 1848 4762 For-

1061 4803 1128 4847 tasse
1149 4810 1198 4863 pro
1222 4790 1314 4861 Μηλῑῳ
1332 4808 1347 4841 e
1367 4788 1471 4841 cadim
1495 4786 1676 4857 reponendum
1699 4796 1738 4838 est
1760 4786 1847 4859 Μιλὶῳ

1062 4870 1224 4939 (Miliaria),
1242 4886 1401 4940 qttamqunm
1411 4867 1466 4919 fieri
1481 4867 1559 4918 etiam
1567 4875 1652 4935 potest
1666 4873 1695 4915 ut
1704 4862 1845 4932 legendum

1061 4951 1094 5003 sit
1108 4948 1207 5017 lllnliqr,
1223 4966 1305 5017 quum
1319 4948 1403 5019 Cyclis
1414 4946 1553 5013 contiguus
1564 4954 1629 4996 esset
1638 4942 1729 4996 Melias
1741 4945 1825 4998 sinus.

1098 5033 1143 5083 Fr.
1159 5046 1200 5083 ra.
1217 5030 1296 5082 Melia
1312 5028 1400 5097 barne]
1415 5027 1448 5079 Ni
1458 5024 1542 5085 fallor,
1556 5021 1647 5075 Melias
1662 5032 1701 5074 est
1708 5021 1843 5077 Thracum

1062 5126 1122 5170 rex,
1146 5105 1221 5175 cujus
1241 5108 1268 5158 in
1290 5106 1407 5176 Byzantis
1425 5104 1513 5157 herois
1534 5101 1643 5154 historia
1665 5100 1844 5153 meminerunt

1062 5186 1207 5258 Hesychius
1226 5185 1369 5252 Milesius§
1386 5201 1414 5235 tr
1434 5202 1462 5254 p.
1479 5185 1528 5245 its
1548 5178 1704 5233 etcodtnus
1715 5180 1757 5231 De
1775 5183 1841 5248 orig.

1062 5269 1153 5329 Coust.
1162 5284 1189 5337 p.
1199 5264 1213 5317 5
1224 5264 1267 5318 ed.
1276 5255 1360 5321 boian.
1371 5260 1448 5333 Apud
1456 5272 1598 5330 utrumque
1606 5256 1731 5310 scribitur
1738 5256 1842 5317 Μελίας.
