3884 5925
286 448 322 498 26
899 431 1073 492 ulont'stl
1095 431 1275 490 urzsntrr

281 564 437 636 temporibus
455 563 568 635 piscium
588 573 692 633 captum
711 561 879 626 largientium
895 561 1054 614 srrrurrrissso-

279 651 357 702 nebus
366 647 596 720 proruoutoriornm
611 659 637 698 et.
650 647 712 698 remi
716 644 795 696 ssione
809 642 893 696 rrrerris
901 645 926 696 io
936 645 989 696 ltere
998 644 1054 696 loco

281 734 375 802 refusi,
390 735 442 785 ulte
454 732 570 794 sinuosi,
581 732 683 803 placari
696 742 721 782 ct
738 729 884 800 tranquilli.
900 732 1000 780 Horum
1017 729 1053 780 lo·

280 839 367 874 cortun
385 838 451 874 erutis
469 819 617 890 appellatur
637 817 791 883 Irrgenr'das,
813 817 881 868 alter
897 815 997 868 dieitur
1009 819 1055 867 Pr·

281 907 383 966 radens,
399 916 428 956 ut
440 905 576 955 rnrrltoram
590 903 720 957 betorinum
733 902 809 953 babet
821 919 912 962 sermo,
926 919 943 952 a
957 905 1054 953 l’rru’eo

285 979 387 1050 Attide,
407 1001 436 1041 nt
449 989 554 1059 qru'dam
568 987 673 1048 dieunt,
693 1007 710 1038 u
730 987 841 1057 qrrodaru
862 984 970 1056 antiquo
983 985 1055 1037 beroe

280 1075 411 1142 irreliqeua.
434 1079 506 1127 Inter
517 1075 569 1125 lure
582 1073 633 1124 elrro
646 1075 700 1126 luca
717 1086 755 1125 cst
769 1074 849 1126 l'ittos
870 1071 939 1124 locres
960 1072 1000 1124 ita
1012 1071 1053 1124 di-

280 1175 337 1214 ctus
350 1182 368 1213 a
381 1161 547 1214 nndtitudine
557 1162 653 1212 lmelerrr
669 1160 706 1212 ibi
713 1160 797 1229 fissile
806 1160 993 1232 provenientis.
1008 1160 1054 1212 l’i-

282 1250 357 1302 rrrico
376 1249 491 1302 succedit
511 1250 631 1300 corninus
661 1254 779 1308 l'uruara,
800 1247 898 1298 accline
924 1259 949 1298 et
969 1246 1055 1298 sensis

280 1335 425 1404 espositum
445 1335 536 1395 littus,
556 1322 625 1404 quod
643 1335 750 1385 rrrrdtanr
772 1333 854 1388 rrrrrris
877 1332 1054 1401 restrictionem

283 1422 392 1494 excipit.

317 1509 355 1557 Ex
373 1506 430 1569 bis,
445 1523 502 1574 qun
518 1503 573 1572 jam
589 1504 656 1556 dixit
673 1505 812 1574 Dionysius
825 1513 850 1556 et
868 1513 956 1574 postea
969 1501 1052 1564 dicet,

282 1592 432 1660 lngeuidnm
452 1603 477 1644 et
494 1593 628 1664 Phocicum
642 1601 666 1642 ct
686 1593 820 1642 (ainornm
835 1588 913 1642 fuisse
934 1589 1055 1639 existimo

282 1681 375 1748 partim
390 1679 415 1730 in
431 1677 561 1730 radicibus
574 1679 638 1729 sexti
653 1677 737 1740 collis,
756 1677 890 1746 partimin
905 1676 956 1726 ima
970 1675 1053 1744 plani·

282 1765 316 1816 tie
329 1763 399 1816 vallis
412 1775 518 1832 quarta,
532 1764 622 1815 clausu
631 1764 723 1832 quinto
736 1773 761 1813 et
772 1772 844 1813 sexto
853 1760 924 1813 urbis
935 1759 1066 1823 collibus,¹

282 1850 368 1900 sinum
388 1847 558 1900 efficientibus
580 1850 605 1900 in
634 1847 745 1900 mediam
767 1846 856 1898 vallem
878 1846 1053 1906 insinuatum

282 1931 327 1985 scd
342 1933 503 2003 temporibus
514 1935 630 2004 Dionysii
649 1933 723 2000 longe
736 1932 848 2002 penitius
866 1928 1053 1991 insinuabatur,

284 2037 355 2070 nunc
374 2020 460 2070 minus
480 2020 507 2070 in
529 2019 617 2070 sallem
639 2017 735 2070 secedit
754 2027 791 2068 tot
811 2015 902 2066 seculis
923 2025 1055 2082 aggerans

283 2103 518 2155 substructionibus
537 2103 618 2154 urbis.
635 2108 655 2154 ‚l
671 2101 800 2153 codicibus
813 2101 877 2152 sexti
899 2099 969 2151 collis
983 2100 1055 2149 sinus

284 2189 374 2258 incipit
387 2206 441 2239 csse
453 2187 562 2239 vadosus
575 2205 605 2238 ex
621 2197 694 2256 parte
707 2185 794 2248 urbis,
808 2184 842 2236 ob
862 2183 948 2235 brevia
961 2194 987 2234 et
1000 2201 1054 2253 syr·

283 2269 381 2336 tes,'ex
401 2273 478 2326 altera
496 2284 568 2344 parte
583 2272 742 2343 prolundrrs;
763 2270 857 2322 deinde
878 2271 1000 2338 utrinque
1015 2288 1053 2321 ra·

282 2359 377 2412 (lorum
391 2359 533 2428 bequeatia
550 2360 676 2428 navigatio
689 2359 751 2429 palis
769 2357 859 2409 deliris
877 2358 985 2425 regitur,
1000 2367 1028 2408 ut
1041 2375 1055 2408 a

284 2447 368 2509 llcxu,
389 2465 442 2515 quo
462 2448 611 2498 incurvatur
631 2445 664 2497 ad
685 2446 902 2515 septentrionem,
921 2443 1055 2512 usquead

283 2534 346 2584 ostia
367 2535 505 2585 fluminum
527 2534 560 2584 sit
581 2517 701 2602 palustris
718 2542 743 2583 et
757 2530 922 2592 lutulentus,
933 2539 962 2581 ut
980 2539 1056 2580 vento

282 2621 391 2686 agitatus
403 2621 521 2672 turbidus
534 2621 605 2682 ssuat,
621 2619 848 2687 frequentibusque
862 2616 951 2668 insulis
966 2617 998 2667 sit
1012 2633 1056 2683 ag·

238 2707 244 2720 ⁸
283 2717 398 2774 gemtus,
415 2725 479 2776 quas
492 2707 569 2758 habet
589 2706 699 2776 amplius
721 2704 889 2773 quadraginta
910 2703 979 2753 silvis
995 2721 1056 2755 can·

284 2809 375 2844 norrun
397 2780 489 2853 tectas,
510 2792 641 2856 iussimus,
660 2800 690 2842 ut
708 2789 754 2842 etsi
775 2790 801 2839 in
821 2788 963 2856 aliquarum
984 2798 1057 2857 parte

283 2879 356 2928 siccis
370 2875 480 2945 pedibus
498 2877 615 2927 insistere
629 2892 719 2944 queas,
738 2874 863 2925 tamenin
884 2872 933 2923 alia
952 2891 1056 2925 eoenosa

284 2978 405 3030 nequeas.
427 2961 512 3012 Prima
533 2958 642 3010 insulula
662 2958 786 3027 incipiens
806 2953 966 3007 aradicibus
986 2955 1057 3007 collis

284 3046 325 3097 siti
342 3048 409 3097 inter
424 3045 544 3107 llumina,
559 3042 678 3096 dividens
692 3059 783 3093 eorum
800 3041 879 3103 ostia,
901 3040 1057 3109 producitur

284 3135 310 3184 in
331 3149 453 3201 passuum
473 3130 661 3197 longitudinem
678 3128 780 3201 circiter
794 3136 987 3188 sexcentorum,
999 3126 1057 3177 reli·

284 3236 342 3288 quae
362 3218 450 3269 divisae
467 3218 566 3284 exiguis
586 3216 684 3283 euripis
704 3228 795 3283 parum
810 3210 867 3262 altis
885 3221 911 3263 et
933 3212 1055 3275 coenosis,

283 3304 328 3372 qui
340 3302 441 3354 dudum
451 3302 536 3353 obruti
553 3310 636 3351 essent
653 3316 727 3349 cerno
741 3296 876 3349 delabente
886 3314 916 3346 ex
931 3297 1057 3365 proximis

249 3440 252 3447 ,
283 3390 355 3441 ostiis
369 3388 515 3449 fluminum,
527 3387 575 3437 nisi
587 3393 761 3437 excrescentes
775 3381 870 3433 insulas
881 3380 913 3433 ad
924 3381 1057 3449 tingendos

283 3474 374 3528 lateres
394 3469 570 3526 rescinderent
592 3472 701 3523 laterum
722 3470 802 3537 srguli.
818 3471 851 3521 lli
870 3468 913 3521 ubi
927 3469 1012 3538 palam
1030 3471 1056 3521 in

283 3572 377 3613 terram
393 3560 530 3629 palustrem
548 3557 707 3619 defixerunt,
729 3573 783 3607 sese
803 3564 871 3607 totos
886 3553 1054 3622 demergunt,

284 3666 315 3699 ne
326 3646 453 3717 capitibus
462 3645 567 3716 quidem
581 3662 657 3715 supra
669 3660 762 3713 aquam
773 3652 917 3703 exstantes,
931 3652 960 3693 ut
973 3641 1056 3711 palam

283 3732 366 3785 frusto
379 3742 454 3783 terrae
472 3732 558 3782 exciso
570 3740 688 3781 onustans
703 3728 838 3780 extrahere
856 3736 962 3800 queant.
982 3728 1056 3779 Insu-

283 3818 366 3869 larum
377 3817 461 3885 euripi
475 3815 567 3885 piscosi
577 3824 646 3876 sunt,
660 3812 764 3865 latibula
777 3811 890 3882 piscibus
901 3810 1054 3880 praebentes,

247 3913 251 3925 '
282 3904 327 3973 qui
344 3921 404 3955 cum
417 3902 503 3955 hieme
522 3901 563 3952 alii
584 3901 731 3969 capiuntur,
749 3910 805 3951 turn
826 3908 911 3950 aestate
931 3898 1056 3965 mugilum

282 3992 356 4059 copia
368 4006 445 4058 supra
463 3998 559 4039 storeas
577 3987 736 4037 exilientium
757 3985 827 4037 adid
841 3995 1011 4055 praeparatas,
1027 3996 1056 4036 ut

283 4075 398 4126 Venetiis
420 4072 502 4125 solent
521 4090 598 4141 supra
621 4081 688 4123 rates
705 4070 739 4121 ad
757 4070 850 4123 irarum
869 4071 997 4139 piscatum
1015 4088 1055 4121 ac·

282 4160 469 4213 commodatus.
481 4162 558 4211 Nune
575 4160 600 4211 in
617 4158 657 4210 his
671 4157 761 4209 insulis
779 4158 848 4208 cervi
863 4174 915 4207 nen
933 4167 1010 4219 sunt,
1026 4167 1055 4209 ut

281 4248 343 4301 olim
357 4258 439 4309 erant,
455 4258 562 4317 propter
573 4246 718 4316 proximam
731 4244 886 4295 vicinitatem
898 4241 981 4305 urbis,
995 4259 1056 4312 pro·

281 4345 390 4405 pterque
403 4334 563 4404 propinquus
579 4332 701 4399 atrioque
715 4314 791 4381 colles
808 4329 924 4397 hatiquis
940 4330 1053 4380 nemori·

282 4420 330 4473 bus
344 4418 474 4489 spoliatos,
490 4417 584 4486 quibus
594 4416 655 4467 olim
670 4416 772 4467 vestitus
787 4413 864 4466 tuisse
877 4412 1012 4465 ostendam
1023 4432 1054 4466 ex

282 4504 408 4573 Dionysio
419 4504 551 4573 Bymntio.
559 4504 635 4553 Nune
646 4500 840 4571 quampulchre
849 4500 978 4553 describat
987 4500 1055 4553 hanc

282 4590 391 4659 Bospori
406 4600 504 4658 partem
517 4587 672 4657 palustrem,
687 4586 851 4654 subjungam.

319 4794 362 4843 Fr.
375 4790 480 4857 17.Hos
488 4786 550 4840 deus
558 4786 720 4857 designarit]
731 4785 901 4857 Exspectabas
914 4802 919 4837 :
930 4788 985 4837 Hos
994 4784 1056 4837 deus

283 4868 429 4935 designasse
448 4865 596 4927 ridebatur,
626 4882 708 4935 quum
730 4866 783 4935 ipse
809 4864 948 4933 Dionysius
970 4871 1058 4932 postca

283 4949 328 5013 (ir.
345 4948 387 5013 18)
398 4955 484 4997 narret
497 4946 602 4997 Graecos
613 4944 654 4995 dei
669 4954 769 4996 ostento
780 4944 892 4995 moniios
907 4943 1056 5012 Byrautium

284 5028 310 5083 ln
325 5024 451 5093 bosporio
464 5024 645 5093 promontorio
663 5014 821 5085 corrrlidissc3
837 5020 908 5091 quod
922 5038 955 5073 ne
974 5020 1058 5072 verbis

284 5104 382 5157 oraculi
403 5104 561 5154 contrarium
583 5112 661 5163 esset,
678 5100 767 5169 {lupos
787 5118 875 5151 vocem
898 5100 1056 5168 interpretati

274 5178 379 5235 'tras-tm
392 5180 425 5231 dc
437 5180 490 5251 ipse
502 5180 574 5241 sinu,
590 5196 666 5247 qrreru
681 5196 739 5229 curn
754 5178 859 5229 ‹reram›
873 5195 953 5227 cornu
965 5177 1058 5229 Strabo

1426 559 1474 617 Fr.
1500 568 1545 618 16.

1134 735 1255 791 Iocrrm,·
1276 732 1375 800 inquit,
1407 741 1585 801 nrrueupatum
1615 733 1749 782 Gemaram
1774 733 1785 796 l
1793 748 1883 800 quem

1098 829 1157 870 ante
1179 819 1233 870 dixi
1248 818 1326 869 fuisse
1346 817 1379 870 ad
1399 817 1499 870 radices
1512 817 1577 869 sexti
1590 816 1682 884 collis)
1703 818 1803 889 exeipit
1823 813 1885 868 Ea-

1098 897 1151 969 opt
1165 898 1296 966 θάλασσα,
1315 903 1400 965 idest,
1419 901 1568 955 Marcidum
1580 903 1727 971 mare,firsis
1740 904 1828 956 totins
1841 905 1882 954 si-

1098 1009 1155 1043 uns.
1180 993 1253 1041 laem
1272 989 1338 1040 enim
1364 985 1497 1056 inscendo
1521 987 1595 1038 sinus
1616 989 1761 1057 nuncrrpati
1779 993 1881 1040 mma.

1099 1076 1202 1127 Introit
1224 1076 1270 1128 boe
1291 1094 1379 1126 aorrreu
1400 1092 1453 1126 srre
1473 1073 1607 1126 aricinr's
1619 1074 1777 1141 staminibus
1799 1076 1831 1126 in
1854 1096 1883 1126 se

1099 1161 1251 1212 currentibus
1261 1160 1369 1212 nertirus
1381 1177 1463 1229 aquas
1474 1159 1555 1210 uraris
1568 1160 1806 1229 corrumpentibus,
1821 1161 1851 1210 si
1854 1180 1883 1211 re

1099 1267 1131 1298 er
1145 1267 1172 1297 eo
1185 1266 1273 1298 rrmurn
1286 1246 1388 1318 reperit,
1403 1247 1465 1316 qrtia
1481 1245 1608 1297 immobile
1621 1245 1704 1296 rantis
1715 1246 1818 1308 agitari
1827 1266 1881 1297 nou

1097 1344 1181 1403 potest
1193 1333 1224 1382 ob
1240 1330 1361 1383 nudorum
1372 1330 1569 1397 aggerationem,
1585 1349 1662 1399 quam
1677 1329 1796 1397 (leserunt
1807 1332 1883 1382 ostia

1098 1417 1231 1477 derrrriuum
1251 1416 1399 1468 continuam
1418 1427 1444 1466 et
1463 1414 1577 1475 urollem,
1586 1415 1706 1485 palustre
1725 1415 1881 1482 (sfirientem

1099 1523 1176 1563 rrrare,
1191 1503 1218 1555 ia
1229 1522 1280 1573 quo
1292 1502 1371 1554 etium
1379 1502 1466 1573 pisces
1482 1501 1632 1572 capiuntur.
1648 1501 1756 1552 Primus
1769 1501 1881 1569 hujusce

1099 1591 1179 1641 sura-is
1200 1588 1310 1641 rrrerncidi
1330 1589 1400 1640 locres
1420 1587 1570 1660 appellatur
1589 1587 1794 1656 tuq-retentos
1820 1589 1880 1639 riso

1101 1677 1255 1744 l'olyrrlreto.
1283 1681 1345 1728 Post
1367 1677 1434 1726 breue
1454 1677 1523 1726 locus
1546 1687 1584 1727 est
1605 1675 1754 1726 nominatus
1777 1669 1878 1724 Bacch

1099 1758 1211 1826 exsard,
1226 1764 1272 1814 lroe
1290 1775 1330 1814 ess
1344 1761 1478 1830 Profunda
1492 1762 1604 1832 specula,
1621 1761 1656 1812 ab
1667 1760 1813 1812 altitudine
1822 1780 1880 1811 ssen-

1099 1848 1146 1902 ris.
1185 1848 1286 1900 Tertius
1306 1858 1417 1900 rueretur
1431 1847 1576 1898 blerebernoe
1595 1865 1613 1898 o
1633 1845 1744 1917 quodem
1761 1864 1820 1912 rege
1841 1846 1880 1897 ibi

1099 1945 1228 1999 rogitante.
1563 1968 1565 1971 ·

1133 2023 1195 2072 Har.
1210 2018 1316 2089 quidem
1330 2019 1480 2088 Dionysius.
1500 2017 1540 2068 De
1552 2017 1594 2069 his
1605 2015 1743 2087 paludibus
1757 2017 1880 2083 intelligit

1098 2107 1260 2177 Nicephorus
1273 2106 1422 2167 historicus,
1436 2123 1496 2156 cum
1505 2106 1557 2166 ait,
1572 2103 1726 2156 adventante
1738 2103 1822 2155 classe
1832 2107 1881 2156 ln-

1100 2206 1214 2247 tinorum
1225 2196 1291 2262 regis
1298 2191 1587 2262 Constantinoprlitani,
1602 2183 1720 2242 triremes
1732 2190 1880 2242 subductas

1100 2280 1177 2332 fuisse
1189 2283 1287 2334 circum
1296 2281 1410 2346 fluminis
1420 2281 1494 2341 ostia,
1505 2277 1550 2329 ubi
1564 2288 1591 2328 et
1602 2278 1674 2328 sinus
1683 2276 1741 2328 finis
1749 2288 1776 2328 et
1790 2272 1880 2329 ssrrioi·

1101 2366 1155 2428 uis,
1170 2366 1215 2418 ubi
1233 2375 1382 2433 exaggerata
1399 2364 1481 2415 multa
1497 2379 1574 2414 arena
1596 2371 1622 2412 ct
1634 2363 1741 2413 materia
1752 2364 1880 2431 utrinque

1100 2455 1227 2519 stringens
1240 2471 1285 2514 os,
1303 2461 1330 2502 et
1344 2453 1385 2502 rix
1400 2461 1538 2518 angustum
1550 2447 1681 2518 quendam
1694 2447 1768 2500 aditu
1781 2449 1879 2500 diffict-

1099 2538 1149 2590 lem
1165 2549 1277 2589 meatum
1292 2538 1474 2598 intermittens,
1489 2554 1543 2587 noa
1558 2534 1746 2602 modomagnis
1761 2536 1878 2586 triremi·

1082 2677 1084 2681 ,
1101 2623 1164 2686 bus,
1179 2622 1224 2674 sed
1239 2634 1265 2679 et
1279 2622 1385 2674 dierotis
1399 2633 1425 2673 ct
1437 2623 1523 2672 vacuis
1542 2620 1689 2688 navigiolis,
1705 2620 1741 2670 ob
1750 2620 1841 2670 brevia
1855 2630 1879 2670 et

1101 2709 1175 2761 vaila.
1199 2712 1237 2760 Ex
1253 2710 1370 2778 Dionysii
1389 2708 1473 2759 verbis
1494 2707 1631 2777 postremis
1648 2707 1802 2776 percipitur,
1818 2724 1879 2775 quae

1102 2795 1164 2847 fides
1178 2795 1324 2848 adhibenda
1337 2796 1369 2845 sit
1383 2793 1528 2845 recentibus
1541 2793 1708 2862 scriptoribus
1724 2791 1878 2843 blachernas

1101 2881 1262 2934 tradentibus
1274 2900 1305 2933 ex
1318 2900 1349 2932 co
1361 2880 1498 2950 appellatas
1512 2880 1598 2942 luisse,
1611 2878 1683 2948 quod
1698 2879 1735 2930 ibi
1746 2880 1819 2929 sinus
1835 2895 1879 2947 pa·

1102 2968 1189 3043 lpstris
1210 2970 1259 3029 sit,
1279 2977 1467 3037 proptereaque
1486 2965 1610 3017 obortum
1629 2964 1707 3016 luisse
1718 2964 1811 3015 dicunt
1830 2966 1878 3016 illis

1101 3053 1274 3123 temporibus,
1295 3070 1354 3103 cum
1377 3052 1524 3103 Marcianus
1549 3060 1574 3101 et
1593 3050 1729 3102 Pulcheria
1751 3068 1876 3117 maguum

1101 3138 1225 3208 templum
1235 3136 1435 3188 blachernarum
1444 3134 1613 3186 seclitimruut.
1628 3136 1730 3185 Verum
1741 3136 1787 3186 etsi
1800 3135 1878 3187 obm-

1101 3235 1143 3275 rus
1162 3224 1223 3285 suit,
1237 3234 1263 3275 et
1277 3224 1361 3276 Graeci
1376 3222 1453 3289 vulgo
1473 3222 1499 3271 in
1523 3220 1595 3271 huuc
1607 3218 1677 3271 diem
1694 3219 1781 3271 locum
1802 3220 1876 3289 palu·

1100 3319 1178 3361 strem
1191 3309 1318 3380 appellare
1330 3308 1429 3359 soleant
1446 3298 1551 3375 βλακόν,
1570 3304 1641 3357 uude
1654 3305 1689 3356 illi
1705 3316 1801 3375 putant
1819 3308 1876 3357 Bla-

1100 3397 1209 3449 charnas
1221 3407 1323 3447 vocatas
1337 3379 1415 3448 luisse
1433 3412 1439 3446 ε
1458 3405 1543 3446 tamen
1557 3393 1684 3462 Dionysio
1696 3394 1877 3463 antiquissimo

1100 3482 1219 3551 scriptori
1231 3482 1318 3551 potius
1329 3467 1488 3532 credendum
1505 3496 1612 3530 censeo.

1427 3654 1475 3710 Fr.
1502 3662 1547 3711 tt.
1605 3710 1616 3730 ,

1136 3826 1161 3873 Is
1175 3821 1270 3874 deinde
1283 3822 1440 3891 subiungens
1456 3841 1462 3875 :
1477 3822 1571 3883 ilaris,
1587 3822 1687 3891 inquit,
1705 3822 1824 3874 Marcidi
1837 3826 1875 3874 ul·

1102 3907 1180 3960 tinuts
1193 3908 1263 3959 locus
1281 3910 1430 3979 appellatur
1449 3908 1576 3970 Paludes,
1598 3916 1630 3960 eir
1649 3908 1764 3979 eoquod
1782 3911 1810 3961 in
1832 3911 1876 3962 illo

1099 3991 1233 4054 subsideret
1249 3992 1375 4044 lutulenta
1390 3993 1528 4062 flunrinunr
1545 3993 1661 4046 secessio.
1679 3996 1738 4045 troo
1756 3995 1824 4045 eninr
1847 3995 1875 4046 il·

1101 4076 1153 4129 lius
1166 4076 1262 4128 radron
1271 4096 1357 4136 neutra,
1367 4077 1414 4129 sed
1421 4096 1487 4129 cuno
1498 4089 1591 4129 tectum
1601 4090 1648 4138 est,
1660 4096 1738 4147 neque
1746 4080 1873 4144 nerrvr'giis,

1100 4160 1154 4213 uisi
1167 4161 1315 4232 perparvis,
1329 4162 1488 4228 narrignbilis
1501 4174 1548 4215 est.
1570 4162 1634 4214 lude
1652 4180 1748 4214 cunum
1766 4166 1875 4216 sublone

1100 4263 1178 4315 usqne
1189 4244 1226 4296 ad
1235 4245 1321 4299 esitus
1331 4245 1486 4313 fluminum,
1504 4265 1612 4317 qrrorrrm
1627 4259 1731 4317 uterque
1737 4247 1831 4315 ferun
1840 4270 1876 4301 se-

1098 4343 1211 4401 paratus
1227 4331 1262 4381 ab
1280 4331 1382 4391 alteim·
1404 4331 1430 4382 iu
1446 4332 1519 4383 eritrr
1537 4332 1613 4383 errsrbo
1626 4334 1829 4402 consummentur,
1853 4350 1876 4386 rt

1100 4417 1171 4468 veliet
1188 4435 1238 4488 per
1258 4436 1336 4469 unrrm
1352 4418 1447 4469 ostirrm
1461 4430 1553 4470 exerent
1575 4418 1603 4470 in
1621 4418 1708 4470 sinum
1730 4424 1824 4475 Cornn.
1846 4427 1876 4473 tn

1099 4502 1191 4555 mediis
1204 4503 1348 4573 paludibus
1366 4505 1440 4556 bodm
1460 4504 1607 4556 uictricibus
1621 4516 1683 4556 sunt
1697 4518 1779 4575 prata
1791 4508 1876 4559 uberes

1097 4588 1229 4657 pastiones
1243 4588 1398 4654 largientis,
1410 4589 1488 4641 etiam
1506 4588 1600 4641 cereis.
1619 4588 1748 4641 llosdens
1761 4590 1880 4659 desiero:-

1798 4722 1861 4735 -Ψ

1102 4798 1244 4857 comparat.
1260 4789 1399 4857 Dionysius
1412 4790 1494 4841 varias
1514 4788 1548 4839 de
1560 4788 1677 4858 Byzantii
1696 4788 1875 4842 conditoribus

1103 4866 1277 4929 narrationes,
1292 4884 1358 4935 quas
1375 4866 1441 4918 irene
1456 4866 1582 4917 'distinxit
1600 4866 1744 4936 Hesychius
1762 4868 1875 4919 Milesius

1102 4961 1130 5013 p.
1147 4947 1206 5010 147,
1220 4945 1255 4995 ita
1269 4945 1401 4995 miscuisse
1416 4943 1518 4995 ridetur
1535 4954 1565 4995 ut
1577 4944 1669 4997 urbem
1689 4943 1824 4997 conditam
1836 4945 1874 4997 di·

1102 5032 1171 5073 ceret
1184 5039 1199 5073 a
1213 5018 1337 5091 Bsrante,
1352 5024 1480 5094 (armemur
1493 5021 1562 5083 filio,
1577 5024 1730 5074 Graecorum
1743 5020 1813 5073 duce
1833 5042 1873 5073 ro·

1102 5099 1222 5151 lariorum
1243 5102 1287 5166 (v.
1303 5099 1335 5149 lr.
1359 5102 1389 5151 18
1401 5101 1421 5169 )
1433 5129 1469 5138 —
1487 5100 1629 5151 oracutum
1643 5099 1812 5152 habesetianr
1833 5119 1871 5171 ap.

1103 5179 1213 5247 Hesyrb.
1226 5177 1242 5231 l.
1254 5178 1283 5240 l.;
1292 5176 1432 5241 Codinum3
1441 5178 1597 5247 Stephanum
1608 5179 1679 5248 byn,
1694 5198 1727 5230 ex
1738 5198 1822 5249 eoque
1833 5200 1871 5250 ap.
