3884 5925
826 399 1058 473 rrarnonsts.
1362 446 1366 450 -
1386 385 1401 416 ⁰

50 543 111 623 {aul
126 553 248 606 'I'luaees
261 561 336 604 arant
347 563 406 622 post
417 545 465 605 bos
476 549 669 606 latissimarum
683 562 816 618 tenentes,
959 572 1011 624 qus
1020 557 1093 608 sinus
1106 551 1196 608 loniits
1206 553 1298 608 finitur
1311 554 1412 628 gurgite
1422 552 1498 613 lasso.

127 656 190 708 quse
200 649 304 692 torrens
315 639 418 706 stringit
430 638 538 710 finitque
552 637 720 710 Propontidis
736 639 821 702 unda,
946 631 992 693 ¹lii
1004 649 1065 693 suut
1077 641 1199 694 Ausonia
1212 641 1301 712 populi
1316 653 1457 714 gentesque
1468 654 1595 716 potentes.

128 735 212 794 atque
227 719 386 796 Hellesponti
400 721 486 776 fauces
498 723 598 792 AEgaus
609 735 634 776 et
645 723 719 778 altus.
994 727 1096 780 flexilis
1110 727 1171 779 hinc
1185 739 1282 793 pontus
1293 741 1447 782 convertens
1462 733 1544 800 vergit
1558 729 1689 796 adortus,

127 810 255 861 Nascitur
263 808 307 860 hic
319 807 431 878 scopulis
445 808 553 861 Pallenae
563 828 665 878 gemma
680 809 827 880 refulgens,
957 821 1036 882 utque
1051 813 1228 866 Liburnorum
1244 825 1338 878 terras,
1353 815 1492 887 Hyllcsque
1503 816 1613 884 lerneus,

61 899 112 952 ³25
129 896 257 946 asterium
271 895 409 966 perbibent
426 909 432 946 :
447 894 524 948 stellis
537 906 635 949 certare
648 906 771 968 putatur;
957 897 1094 949 Bulimeon
1106 899 1203 967 pariter
1213 899 1397 969 prastringrns
1409 901 1484 955 litora
1498 905 1595 966 currit,

127 991 158 1032 et
173 981 285 1032 llammer
299 979 388 1032 similis
400 979 545 1050 splendenti
557 979 656 1033 lumine
666 979 775 1052 lychnis.
958 993 984 1034 et
994 983 1065 1034 veuit
1078 983 1176 1054 lllyrias
1189 983 1240 1035 late
1253 995 1388 1054 porrectus
1398 985 1430 1038 ad
1441 1001 1525 1053 arces,

58 1049 112 1126 (Ἅι)
129 1067 167 1118 Hi
181 1065 251 1136 ripas
260 1065 318 1116 lstri
334 1075 464 1136 porrectas
477 1064 593 1136 undique
603 1067 744 1136 stringunt.
958 1085 1023 1138 quas
1037 1069 1130 1121 tollunt
1145 1079 1263 1132 montes,
1275 1070 1374 1123 excelsa
1388 1072 1532 1136 Ceraunia,
1543 1091 1666 1126 summas.

171 1153 283 1222 Europa
295 1151 407 1221 reliquas
420 1170 490 1204 nunc
503 1167 588 1222 partes
602 1155 687 1224 aspice
698 1162 798 1218 ternas,
960 1153 1084 1206 Cernitur
1095 1153 1139 1205 bie
1151 1155 1282 1217 tumulus,
1296 1156 1341 1226 qui
1356 1150 1448 1209 Cadmi
1458 1157 1555 1210 dicitnr
1566 1177 1621 1210 esse

131 1239 263 1292 Phoebeos
278 1257 384 1306 vergens
398 1239 493 1308 quibus
505 1241 600 1291 eminet
613 1239 653 1292 illa
665 1239 714 1291 sub
724 1249 807 1294 ortus.
959 1239 1161 1308 Harmoniaeque
1175 1236 1251 1290 simul
1268 1257 1274 1291 :
1289 1257 1402 1310 namque
1415 1241 1457 1294 bic
1471 1245 1635 1312 serpentibus
1652 1241 1686 1297 illi

61 1327 114 1377 830
132 1326 224 1376 Prima
234 1335 287 1386 est,
300 1325 447 1394 Hispanum
461 1341 519 1394 quae
534 1323 628 1394 frangit
641 1323 717 1378 litore
730 1337 856 1397 pontum;
959 1341 1069 1394 corpora
1079 1335 1137 1396 post
1147 1324 1252 1393 longum
1264 1335 1365 1396 tempus
1381 1337 1492 1380 mttlasse
1506 1329 1626 1382 seruntur

131 1411 232 1474 altera,
243 1409 410 1479 Tyrrhenum
424 1427 482 1480 quae
496 1410 580 1481 pulsat
589 1410 702 1463 molibus
711 1425 817 1481 aquom
960 1409 988 1460 in
999 1411 1072 1462 senio
1082 1449 1089 1474 ,
1105 1421 1242 1481 postquam
1253 1405 1363 1480 patriam
1371 1410 1529 1483 Thebasque
1539 1415 1699 1484 relinquuub

132 1497 228 1558 tertia,
242 1511 300 1564 qua
314 1493 407 1546 Graios
421 1495 572 1547 circumllua
587 1497 687 1564 gurgite
700 1498 792 1567 pascit.
961 1493 1011 1544 llic
1022 1492 1079 1544 ollis
1090 1492 1161 1546 aliud
1171 1504 1316 1563 posuerunt
1331 1496 1440 1548 numina
1453 1507 1600 1550 monstrum
1615 1515 1622 1551 :

132 1580 187 1634 Sed
204 1591 290 1634 tamen
302 1597 428 1632 oceanum
441 1581 568 1649 contingit
581 1581 680 1634 [lurica
696 1581 769 1634 tellus
961 1597 1075 1649 namque
1088 1579 1144 1632 duo
1157 1581 1252 1633 tumuli
1265 1593 1427 1634 concurrunt
1441 1595 1514 1653 peste
1525 1584 1626 1646 lutura,

57 1666 114 1738 lau]
133 1663 294 1729 occiduum,
308 1665 405 1736 Calpen
419 1683 477 1736 quae
490 1681 619 1718 summam
633 1669 742 1718 sustinet
758 1683 835 1719 unam
961 1665 1110 1732 significant
1119 1667 1221 1735 quoties
1232 1667 1371 1719 saevissima
1382 1667 1478 1721 damna
1489 1670 1598 1722 colonis.

61 1751 115 1802 835
134 1751 257 1804 Herculis
270 1769 285 1802 e
296 1753 386 1802 statuis
396 1773 403 1817 ;
414 1768 491 1820 quam
505 1769 585 1822 supra
598 1749 670 1804 dives
681 1763 706 1804 et
718 1751 768 1805 alta
963 1750 1026 1800 llaec
1037 1751 1109 1818 regio
1123 1749 1221 1802 iontem
1232 1750 1359 1803 mirandae
1372 1755 1486 1824 concipit
1499 1753 1594 1817 undae,

132 1839 288 1900 Tartessus,
301 1838 456 1906 Cempsique
470 1836 560 1888 sedent
573 1838 617 1907 qui
629 1835 738 1889 collibus
753 1838 812 1889 imis
962 1851 1040 1904 quem
1053 1835 1149 1887 merito
1162 1845 1260 1887 veteres
1272 1836 1396 1890 dixerunt
1408 1839 1516 1892 nomine
1528 1841 1652 1904 Sacrumt

133 1922 297 1993 Pyrrhencs,
311 1920 403 1974 calum
418 1939 475 1992 quae
489 1909 569 1992 tangit
583 1924 677 1975 vertice
691 1941 804 1978 summo.
963 1937 1024 1971 nam
1037 1918 1136 1988 gelidus
1146 1931 1250 1992 superat
1259 1932 1412 1974 cunctarum
1424 1921 1504 1992 bigas
1513 1940 1659 1994 aquarum,

59 2015 117 2088 (μη)
137 2014 187 2061 Ast
197 2008 286 2060 ambas
300 2009 368 2060 inter
379 2007 452 2060 tellus
462 2007 531 2076 jacet
547 2009 739 2062 Ausonidarum
750 2047 757 2071 ,
962 2024 1134 2077 accensasque
1146 2007 1245 2060 lacessi
1256 2010 1314 2078 quis
1327 2023 1411 2080 prope
1423 2010 1529 2064 duxerit
1540 2011 1638 2065 undam
1649 2053 1657 2076 ,

136 2093 222 2146 limite
233 2111 312 2164 quam
327 2103 398 2146 recto
410 2094 521 2146 mediam
535 2106 603 2147 secat
615 2097 769 2165 Apenninus
784 2111 791 2150 ι
962 2094 1104 2161 exstinguit
1117 2095 1247 2159 llammas3
1264 2095 1356 2165 recipit
1365 2096 1410 2147 sed
1420 2113 1511 2148 rursus
1520 2097 1640 2161 easdem,

62 2189 119 2240 tto
135 2183 183 2251 qui
197 2197 286 2244 mons,
298 2183 423 2251 iucipiens
433 2181 518 2234 boreis
530 2199 561 2234 ex
574 2181 681 2252 Alpibus
694 2183 777 2247 altus,
961 2179 1099 2232 admoveat
1109 2178 1269 2232 dastracum
1278 2182 1432 2232 exstinctam
1444 2181 1564 2252 lampada
1575 2179 1653 2236 sonti.

137 2269 165 2318 in
180 2267 247 2319 freta
260 2267 366 2319 Sicaniae
380 2279 510 2338 porrectas
522 2271 642 2321 terminat
656 2285 723 2323 oras.
962 2264 1013 2317 Sed
1023 2282 1101 2335 supro
1111 2265 1231 2318 'lhrscen
1243 2283 1292 2318 urse
1301 2283 1354 2318 non
1367 2267 1468 2338 Epiron
1480 2267 1513 2320 ad
1523 2279 1625 2322 austroe

58 2351 118 2429 (aral,
138 2353 219 2404 llunc
230 2352 307 2404 urbes
320 2353 435 2416 circum,
448 2353 536 2424 populi
548 2363 687 2422 gentesque
697 2353 861 2423 frequentant
876 2369 882 2406 :
963 2354 1122 2423 principium
1135 2363 1213 2406 terra
1223 2351 1375 2406 doctissima
1384 2351 1486 2408 Graecia
1495 2355 1589 2418 sumit,

138 2457 208 2509 quos
220 2439 332 2491 breviter
344 2447 456 2508 retegam
471 2449 561 2492 nostro
575 2439 621 2492 tibi
636 2442 751 2492 carmine
765 2451 883 2493 cunctos.
963 2438 1105 2492 escenderu
1119 2437 1249 2504 multum,
1264 2441 1420 2510 geminoque
1431 2441 1481 2492 sub
1488 2456 1593 2512 aequme
1604 2443 1688 2496 cincti
1699 2477 1707 2508 ,

138 2527 269 2596 Tyrrheni
282 2529 397 2598 primum
410 2527 501 2591 sortes,
509 2525 638 2597 juxtaque
650 2525 759 2596 Pelasgi,
964 2524 1051 2592 AEgaeo
1062 2525 1215 2594 Siculoque,
1229 2535 1338 2576 movent
1352 2542 1411 2595 quae
1424 2527 1529 2578 flamine
1539 2529 1611 2580 venti

64 2629 121 2680 245
138 2611 258 2681 Cyllenes
270 2611 402 2682 quondam
415 2613 520 2682 propria
532 2613 577 2682 qui
589 2613 649 2665 sede
662 2615 749 2666 relicta
963 2610 1068 2662 diverso
1082 2625 1089 2661 t
1105 2609 1220 2662 Siculum
1235 2611 1362 2682 aephynts
1372 2621 1457 2674 tenet,
1467 2626 1548 2664 eurus
1556 2623 1582 2665 at
1592 2613 1673 2666 altum

138 2699 284 2768 Tyrrhenis
296 2699 377 2750 socias
388 2701 519 2768 petierunt
532 2699 640 2751 naribus
652 2717 733 2753 arces.
965 2697 1091 2765 fgaum.
1105 2699 1230 2767 Sequitur
1243 2698 1344 2768 Pelopis
1354 2709 1415 2768 post
1423 2699 1507 2751 insula
1516 2698 1581 2761 lata,

61 2777 123 2856 (aaa)
141 2785 198 2836 llos
211 2801 292 2855 prope
306 2793 368 2836 sunt
381 2785 452 2836 omni
467 2795 618 2854 superantes
631 2783 707 2838 laude
719 2783 822 2849 latini,
964 2783 1106 2835 consimilis
1115 2783 1177 2835 lolio
1191 2783 1303 2854 platani,
1318 2783 1391 2856 quod
1405 2786 1487 2836 muris
1500 2797 1602 2837 acutam

140 2888 256 2941 quorum
269 2888 315 2944 per
326 2881 422 2923 terram
433 2871 555 2923 discurrit
567 2871 593 2922 iu
607 2888 711 2941 arquma
722 2872 810 2924 Tibris
964 2872 1108 2941 aequiparat
1121 2871 1229 2924 eandam
1240 2893 1247 2933 ;
1259 2872 1333 2940 cujus
1339 2871 1407 2941 jacet
1416 2872 1526 2924 isthmos
1535 2873 1637 2941 imago,

140 2960 244 3028 regius,
257 2958 356 3029 irriguo
365 2957 463 3011 dirimit
474 2959 518 3029 qui
529 2960 631 3027 gurgite
643 2961 752 3013 llomam
763 2998 770 3023 ,
965 2957 1085 3011 Hellados
1095 2957 1128 3011 ad
1138 2959 1244 3013 Ιιοιθιιιιι
1254 2957 1358 3012 sibimet
1369 2959 1482 3013 confinia
1490 2958 1602 3029 jungens
1612 2980 1619 3025 ;

67 3054 124 3107 350
143 3049 268 3110 Romam,
282 3064 340 3117 quae
351 3047 463 3115 genitrix
477 3064 568 3115 regum
579 3046 730 3100 dominatur
743 3048 770 3099 in
782 3048 883 3099 orbem.
964 3042 1041 3097 latior
1052 3056 1078 3097 at
1090 3044 1179 3113 tellus,
1190 3043 1281 3097 lolium
1293 3063 1341 3097 ceu
1354 3041 1452 3108 tlexile,
1465 3046 1564 3098 circum

141 3135 205 3184 Post
217 3133 264 3185 hos
278 3134 374 3203 pingue
385 3132 468 3185 solum
480 3134 608 3202 sequitur,
618 3134 761 3203 Campania
773 3132 859 3197 dives,
965 3132 1080 3199 cingitur
1090 3132 1249 3201 equoribus.
1264 3132 1413 3202 Zephyrum
1426 3130 1594 3203 Triphyllidis
1605 3148 1665 3187 arva

143 3219 186 3269 hic
200 3218 244 3270 ubi
257 3218 433 3289 Parthenopes
444 3216 539 3270 domus
550 3227 588 3270 est
602 3220 757 3280 castissima,
773 3219 876 3288 lrugum
965 3218 1113 3288 excipiunt,
1125 3234 1175 3288 per
1182 3236 1262 3288 quam
1273 3216 1408 3272 descendit
1418 3219 1527 3269 flumine
1538 3218 1649 3289 pulchro

143 3305 250 3369 fertilis,
266 3306 335 3357 bane
346 3316 441 3377 pontus
454 3306 568 3377 propriis
578 3316 713 3375 exceperat
728 3306 814 3359 undis.
966 3302 1092 3373 Alpheus,
1105 3304 1151 3372 qul
1161 3304 1271 3355 Messeni
1281 3302 1438 3355 discinditur
1446 3302 1525 3355 undis

63 3394 125 3475 (κο)
144 3392 182 3443 Ad
197 3402 277 3445 noton
290 3404 341 3455 est,
352 3393 429 3461 longe
440 3410 520 3462 supra
532 3392 649 3445 Sirenida
662 3408 770 3461 rupem,
966 3390 1072 3441 Eurotae
1084 3405 1091 3441 :
1104 3390 1181 3441 terris
1193 3389 1272 3441 ambo
1282 3400 1426 3442 nascuntur
1435 3392 1524 3454 Ascis,

67 3484 126 3534 ³55
144 3479 256 3531 Picentis
269 3478 341 3531 Silari
352 3496 459 3547 gurges,
472 3477 610 3547 spectabile
621 3477 729 3531 flumen.
967 3473 1010 3529 bic
1024 3484 1111 3526 tamen
1125 3474 1217 3536 Eleos,
1233 3484 1260 3526 at
1271 3473 1368 3526 dividit
1378 3475 1419 3527 ille
1429 3476 1555 3530 laconas.

145 3566 223 3617 Hunc
236 3562 353 3616 habitant
365 3580 447 3634 prope
459 3564 572 3627 Lucani,
588 3564 721 3633 Brettique
731 3560 834 3626 coloni,
972 3562 1020 3613 Hic
1030 3559 1124 3635 mediis
1131 3560 1250 3613 habitant
1261 3560 1312 3612 late
1321 3558 1419 3613 telluris
1430 3563 1457 3613 iu
1467 3564 1535 3614 arvis

144 3650 177 3703 ad
194 3654 295 3703 Leucon
310 3662 408 3720 petram
423 3651 570 3719 longissima
583 3666 645 3702 rura
659 3660 785 3705 tenentes,
966 3646 1081 3699 Arcades
1093 3645 1220 3717 Apidanei
1234 3645 1284 3696 sub
1296 3646 1409 3715 scopulis
1422 3648 1575 3716 Erymanthi
1588 3656 1595 3699 t

145 3738 215 3789 Hinc
226 3746 264 3789 eu
278 3736 310 3787 ad
324 3736 431 3789 horem
443 3734 549 3806 zephyri
562 3748 620 3804 quse
629 3750 732 3788 summa
741 3746 857 3799 vocatur,
967 3750 1020 3803 qua
1031 3732 1113 3785 Melas
1126 3742 1205 3802 atque
1219 3731 1323 3783 Crathis
1333 3732 1420 3796 ilurii,
1431 3748 1484 3801 qus
1495 3736 1577 3785 currit
1587 3736 1667 3798 hon,

67 3830 129 3899 (³05⁸,
145 3823 197 3877 sub
210 3840 263 3893 qua
275 3834 337 3875 surrt
348 3824 427 3876 Locri
441 3822 550 3885 celeres,
563 3822 608 3891 qui
623 3832 742 3893 tempure
751 3824 838 3893 prisco
967 3817 1086 3871 tenditur
1098 3827 1177 3887 utque
1185 3826 1260 3869 suus
1269 3832 1321 3887 qua
1330 3816 1409 3885 longo
1418 3818 1519 3885 gurgite
1528 3817 1630 3871 ladon.

71 3918 130 3967 850
147 3914 213 3964 istuc
225 3912 340 3979 reginam
353 3910 487 3981 propriam
499 3924 593 3961 venere
603 3912 701 3972 secuti,
967 3906 1018 3959 llic
1031 3904 1143 3957 merulm
1153 3904 1293 3974 perbibent
1307 3902 1393 3968 albas,
1403 3902 1522 3957 mirabile
1532 3903 1620 3970 dicttt;

147 3997 342 4065 Ausoniamque
356 4003 459 4057 tonent,
474 4012 526 4064 qna
539 3995 622 4047 currit
634 3994 732 4046 flumen
744 3994 832 4047 Alecis.
967 3991 1012 4044 bic
1024 3990 1095 4043 naui
1104 3988 1230 4060 lapidem,
1243 3991 1289 4059 qui
1304 3999 1374 4042 tacto
1383 4006 1506 4041 accensus
1515 3990 1550 4042 ab
1559 3989 1614 4058 igni

146 4082 242 4135 hloenia
253 4090 398 4133 cernuntur
406 4081 549 4149 Metaponti
563 4078 672 4142 deinde,
684 4080 850 4149 Cmtonque,
967 4077 1098 4145 entingui
1111 4076 1245 4145 nequitur,
1255 4092 1335 4145 quem
1344 4074 1417 4128 Graii
1427 4076 1534 4127 nomine
1543 4089 1606 4128 reio

69 4164 129 4239 (azo)
146 4184 226 4237 quam
237 4164 346 4236 pulcher
354 4176 453 4233 gratam
463 4164 616 4235 presentiuit
624 4164 729 4216 AEsarns
742 4164 845 4217 urm.
967 4164 1099 4217 asbestum
1110 4172 1258 4216 memorant
1268 4179 1276 4215 ε
1287 4161 1350 4215 lerri
1361 4165 1427 4216 nitet
1435 4163 1477 4215 llle
1485 4163 1581 4215 colore.

146 4250 263 4307 Ulterius
275 4268 385 4324 pergens
399 4253 461 4305 hinc
474 4250 568 4323 templa
581 4252 687 4305 Lacinia
696 4268 796 4305 cernes.
968 4251 1048 4303 Juxta
1060 4259 1100 4301 est
1112 4249 1237 4317 Argivum
1252 4238 1342 4310 tellus,
1351 4249 1503 4318 pariterque
1511 4248 1646 4301 lamnam
1659 4263 1667 4303 t

74 4342 130 4393 865
147 4343 209 4393 Post
223 4340 278 4391 bac
289 4348 330 4390 est
343 4336 464 4408 Sybaris,
481 4336 559 4408 periit
570 4350 629 4407 que
640 4338 756 4389 numinis
767 4338 824 4404 ira,
968 4345 1042 4387 ortru
1054 4335 1159 4402 Arglvi,
1173 4344 1337 4403 vmguntque
1348 4332 1632 4386 Iaonnoeadaustros.
1762 4337 1819 4387 ⁴20

146 4439 301 4495 praeponens
310 4424 448 4477 hominurn
463 4422 578 4475 tumulos
590 4421 737 4475 coelestibus
751 4425 817 4488 aris3
969 4415 1128 4488 AEquoribus
1137 4420 1248 4487 geminis
1259 4418 1495 4488 ismrnospubatur
1505 4416 1638 4487 utrimque
1649 4430 1656 4468 ε
1763 4411 1823 4483 (sao)

146 4524 253 4582 posuere
267 4510 313 4580 qui
326 4508 391 4561 Pisis
400 4510 455 4562 ausi
468 4510 610 4561 certamina
625 4508 683 4564 soli.
967 4505 1020 4557 hoc
1032 4506 1156 4577 Ephyren
1163 4514 1257 4557 contu
1265 4501 1410 4574 zephyrus,
1420 4504 1466 4556 sed
1478 4504 1597 4559 rubent
1605 4502 1671 4555 illud

74 4592 131 4671 lars]
147 4596 276 4651 Samnites
286 4594 374 4647 medio
384 4589 568 4665 complectitur
579 4592 641 4646 Itala
655 4593 728 4646 tellus
969 4609 1061 4654 eunus,
1077 4592 1105 4643 in
1114 4592 1272 4643 immensum
1281 4602 1342 4658 quae
1352 4590 1480 4657 mergitur
1488 4589 1560 4642 unda
1572 4587 1746 4660 profundum,

148 4685 175 4733 in
189 4682 306 4750 gremio,
316 4681 470 4749 Marsosque
481 4679 570 4732 simul.
584 4676 661 4731 Tunc
673 4678 769 4731 deinde
780 4676 925 4733 Tarentum
969 4682 1076 4733 nomine
1084 4689 1164 4748 φκιιι
1174 4677 1258 4729 namt
1266 4676 1360 4729 dixere
1366 4676 1494 4729 &uulda
1502 4678 1598 4747 prisco
1619 4696 1624 4707 ¹

75 4778 132 4832 370
148 4770 264 4837 tangitur
275 4762 438 4837 aquaribru,
453 4766 526 4836 quod
537 4768 674 4819 munivere
684 4769 810 4820 Lacones.
968 4768 1056 4821 Attiou
1064 4762 1111 4818 sed
1123 4764 1198 4817 tellus
1209 4774 1269 4834 post
1281 4762 1396 4817 isthmon
1407 4763 1470 4818 solis
1480 4763 1516 4816 ed
1526 4774 1615 4818 ortum
1627 4772 1677 4816 est.
1762 4775 1820 4825 425

148 4856 282 4911 Continuo
294 4854 409 4907 Cuhbrae
420 4854 519 4907 telluris
529 4870 591 4906 rura
605 4865 759 4924 soqutmtttr.
968 4854 1038 4907 Hinc
1050 4850 1196 4921 Orithyiam
1210 4848 1307 4902 boreas
1317 4850 1438 4919 rapuisse
1449 4849 1562 4920 puellam

70 4942 131 5017 (aso)
149 4947 239 5015 Usque
252 4942 327 5013 llyrii
340 4954 470 4993 mmmm
479 4938 526 4993 sed
540 4936 624 4993 tendit
638 4940 739 5011 Iapygis
752 4958 799 4993 ora
811 4952 818 4993 t
968 4937 1091 4998 traditur,
1105 4936 1149 4988 laic
1162 4936 1251 4988 llisstts
1260 4936 1335 5005 aquis
1342 4933 1491 4987 devolvitur
1501 4934 1596 4991 amuis.

149 5048 201 5101 qua
211 5028 270 5081 salis
280 5024 402 5079 lindriaci
410 5026 692 5079 nubiturvastissimus
703 5037 793 5090 ustus,
968 5026 1090 5077 Boeotum
1101 5020 1306 5090 sequiturfinis,
1319 5036 1376 5090 quo
1387 5018 1567 5074 dicimrnnds
1763 5006 1824 5083 (Μ)

109 5102 118 5117 ’
149 5115 323 5185 atquesinunr
334 5122 473 5181 penarum
486 5110 635 5181 Aquileiam
647 5108 744 5179 colligit
755 5110 854 5175 undas;
970 5128 1026 5163 esse
1037 5108 1171 5179 potestatis
1180 5106 1289 5161 dim
1302 5121 1310 5158 τ
1323 5106 1549 5176 namqneduolsus

77 5214 134 5269 ³75
152 5200 380 5267 altaTegestrseou
393 5208 531 5267 postrema
544 5196 745 5259 rusenisterrae,
975 5191 1571 5257 mmiuibussertitrervecumlmeolorem,
1761 5186 1819 5239 ⁴⁸⁰

329 5302 417 5345 usum
432 5307 457 5344 u.
1616 5288 1642 5329 ¹³
