3884 5925
601 456 774 517 suarius
796 451 956 518 Bostont
979 449 1150 521 Tllli'ACll.
1630 475 1667 526 m

41 599 47 605 ’
69 583 243 650 conformata.
272 584 399 650 Quidam,
429 586 529 654 inquit,
546 585 639 646 aiunt,
657 585 775 640 audacia
797 587 847 654 sip·
894 587 954 642 data
966 589 1100 653 facultate,
1116 607 1150 642 eu
1160 589 1209 642 boc
1217 607 1281 642 saro
1295 600 1406 644 mortem
1416 592 1613 663 appetiverunt,
1625 595 1674 646 ita·

69 689 127 722 uuas
136 688 192 723 esse
204 671 405 738 nauigantium,
423 671 549 724 deterreas
562 673 730 725 temeritatem
741 673 849 740 ntiatga·
895 691 946 744 que
962 675 1024 728 hinc
1038 677 1167 746 inprimis
1180 687 1206 728 et
1218 679 1357 747 postremis
1368 679 1530 749 amplexibus
1542 697 1571 732 se
1583 682 1675 750 prisci·

69 757 148 808 tionis
162 757 295 827 periculis
304 759 427 829 plenam,
449 769 530 828 atque
542 757 675 810 ostendens
691 758 849 812 redeuntium
894 763 961 831 pitcs
981 773 1099 831 egerunt.
1114 763 1219 833 Cupido
1237 783 1316 835 supra
1330 776 1430 835 pmram
1449 766 1602 833 consistens,
1621 785 1676 819 ms·
1720 795 1724 802 ·

69 841 161 892 salutis
167 840 334 908 felicitatem
344 853 370 894 et
380 843 506 915 pietatem
521 843 674 896 :nonenim
689 844 746 896 siue
758 856 850 896 terrore
895 864 959 901 num
972 848 1084 900 intendit
1098 849 1133 901 ad
1147 866 1227 902 mare.
1239 852 1340 903 Domus
1353 849 1449 902 deinde
1459 851 1538 904 vidua
1554 851 1676 904 coliturr

70 939 266 997 atmmqaeest.
279 928 445 981 Alii-dicunt
460 947 571 1000 puerum
587 929 613 980 ia
626 929 713 982 littore
726 941 850 982 errantem
895 933 1047 987 muliercula
1062 933 1099 986 ob
1114 933 1242 1004 juvenum
1262 935 1406 988 molestiam
1423 953 1455 988 ex
1474 937 1540 989 urbe
1559 954 1674 1006 egressu

69 1015 277 1086 aliquantopcst
288 1016 582 1088 uenissequamepartu
593 1016 764 1068 nauissoluta
775 1029 849 1079 esset,
895 1021 996 1089 rapturi
1009 1021 1079 1072 enim
1091 1037 1174 1091 ipsam
1192 1020 1357 1084 videbantur,
1372 1022 1551 1093 etpetulantia
1563 1023 1676 1092 quadam

68 1099 213 1170 salutisque
233 1100 415 1172 desperatione
434 1101 576 1170 asseclam,
595 1119 687 1154 matius
707 1100 745 1152 ad
762 1102 850 1154 calum
895 1104 1048 1174 lascivisque
1061 1105 1239 1157 saltationibus
1250 1123 1280 1158 ac
1288 1106 1449 1159 carminibus
1460 1125 1517 1159 eam
1526 1107 1677 1177 frequenter

70 1185 184 1246 tendere,·
196 1185 278 1256 pueri
290 1198 377 1239 autem
392 1203 480 1256 preces
496 1185 571 1238 deum
585 1185 763 1239 exaudientem
777 1187 850 1239 redu·
895 1188 1017 1254 adibant,
1040 1189 1245 1261 muneribusque
1268 1192 1440 1244 sollicitabant
1463 1209 1471 1244 t
1488 1203 1515 1246 at
1534 1195 1589 1263 ipsa
1608 1191 1677 1246 fastu

69 1271 137 1322 risse
146 1289 243 1322 aarum
259 1272 289 1324 in
301 1281 421 1343 partum.
442 1273 501 1325 Alii
519 1273 595 1325 aiunt
611 1273 637 1325 ia
653 1291 748 1340 magna
770 1273 850 1326 maris
897 1275 1012 1347 quodam
1026 1287 1104 1347 atque
1122 1277 1203 1328 animi
1225 1276 1336 1329 elatione
1353 1279 1382 1329 in
1400 1296 1446 1330 eos
1465 1289 1553 1342 utens,
1577 1279 1677 1332 vellicat

69 1356 273 1426 tranquillitate,
287 1357 359 1410 omiti
371 1369 447 1410 uento
456 1358 562 1422 silente,
574 1375 640 1410 naue
648 1357 696 1409 din
707 1357 849 1420 retardata,
895 1363 1115 1426 adolescentulos,
1130 1373 1155 1415 et
1169 1363 1222 1415 buc
1232 1381 1349 1430 egressa,
1360 1366 1489 1416 munitam
1500 1365 1567 1417 harre
1577 1364 1678 1418 habital

69 1454 163 1494 mutas
176 1443 272 1514 inopia
281 1455 363 1515 potus
376 1445 519 1505 laborasse,-
532 1443 664 1496 caturcio
676 1455 763 1495 autem
772 1443 853 1496 uisio·
896 1448 1016 1500 domum.
1030 1448 1213 1518 Cantempiare
1226 1449 1319 1513 enirn,
1337 1466 1416 1518 quam
1434 1451 1537 1501 munita
1548 1451 1590 1506 sit.
1606 1451 1676 1503 Pre-

70 1545 123 1579 nrm
142 1527 285 1592 insedisse,
295 1530 446 1598 jubentem,
466 1540 495 1581 ut
509 1529 655 1582 nreearclms
673 1529 757 1594 filium
776 1546 851 1580 suum
896 1536 1016 1605 cipitium
1027 1545 1037 1570 ¹
1050 1535 1122 1586 anim
1139 1536 1167 1586 in
1179 1551 1250 1586 mare
1262 1535 1374 1597 eminet,
1389 1534 1461 1604 quod
1480 1535 1514 1588 ab
1534 1537 1586 1588 ima
1602 1545 1677 1606 pane

71 1613 244 1682 sacrificaret,
262 1633 313 1666 nore
330 1614 398 1666 enirn
416 1614 470 1666 olio
489 1613 563 1667 modo
582 1631 658 1685 posse
667 1613 770 1685 assequi
785 1631 852 1666 com·
897 1621 962 1672 mari
979 1619 1084 1672 alluitur
1096 1618 1244 1677 lubricum,
1259 1635 1275 1670 a
1288 1620 1417 1688 superiori
1436 1629 1511 1689 pane
1530 1619 1677 1689 projectum

72 1709 179 1750 mertam
198 1710 226 1750 et
246 1711 348 1752 eratne.
373 1699 514 1752 Naeurclm
530 1699 681 1751 necessitate
702 1711 805 1760 concta,
827 1709 852 1750 et
899 1705 967 1757 hanc
981 1707 1139 1757 maritimam
1155 1706 1264 1757 sustinet
1278 1705 1398 1770 domum,
1409 1705 1459 1757 sub
1470 1723 1523 1775 qoa
1535 1723 1608 1758 mm
1621 1723 1677 1758 m.

69 1799 162 1856 parata
172 1803 287 1856 puerum
301 1787 463 1855 sacrificam,
476 1803 567 1838 manus
584 1785 686 1856 quidem
695 1803 804 1857 puerum
815 1796 852 1837 te·
897 1791 936 1858 gis
948 1789 1081 1842 ceruleum
1099 1789 1205 1841 videtur
1221 1789 1418 1842 demittentibus
1430 1790 1521 1842 oculos
1533 1791 1560 1841 in
1578 1791 1676 1860 ipsum.

74 1871 198 1933 tendisse,
209 1867 289 1924 deum
299 1891 359 1925 uero
369 1873 545 1927 misericordia
557 1885 654 1925 matum
668 1873 701 1924 ab
711 1871 852 1924 absurdum
897 1876 928 1926 In
940 1874 1008 1926 hanc
1018 1873 1129 1927 domum
1143 1873 1236 1926 fortem
1250 1875 1299 1926 etsi
1309 1873 1403 1926 mulier
1413 1892 1441 1926 se
1453 1875 1574 1939 contulit,
1587 1885 1676 1927 tamen

70 1957 142 2028 pueri
161 1957 326 2028 supplicium
339 1959 418 2029 obque
434 1958 509 2030 pueri
522 1969 625 2009 estatem
638 1957 775 2010 sustulisse
791 1974 854 2029 pae-
897 1977 951 2012 non
971 1977 1029 2012 eam
1050 1960 1211 2028 reliquerunt
1230 1970 1346 2012 amantes
1367 1959 1470 2030 pulchri
1490 1969 1517 2012 et
1530 1963 1673 2014 coronati:

74 2061 140 2100 ram,
155 2054 182 2092 et
200 2052 309 2094 eentum
331 2042 471 2094 secundum
496 2042 642 2096 immisisse.
666 2045 729 2094 Huc
750 2041 852 2112 quidem
898 2044 943 2097 sed
955 2045 999 2098 hic
1011 2043 1119 2115 quidem
1132 2045 1241 2096 ceruleae
1254 2061 1354 2114 prome,
1374 2043 1440 2096 alter
1453 2045 1590 2108 inaurata,
1608 2045 1676 2098 alius

73 2141 96 2179 et
110 2129 152 2180 leis
163 2129 317 2192 cantmmia,
336 2141 367 2182 ut
383 2130 475 2200 cuique
486 2129 634 2202 placuerit,
648 2128 783 2182 credibilia
797 2130 852 2182 exi·
897 2131 1004 2184 alterius
1016 2130 1111 2183 coloris
1126 2131 1271 2182 naviculam
1292 2132 1422 2199 ingressus
1434 2132 1554 2199 navigat,
1575 2147 1678 2183 nemon

71 2213 218 2266 stinsentur.
897 2219 996 2273 Comus
1013 2219 1083 2287 ipse,
1099 2215 1127 2268 id
1140 2205 1195 2280 est,
1211 2215 1343 2268 ebrietatis
1356 2214 1440 2268 deus:
1463 2225 1490 2268 et
1505 2216 1550 2268 hic
1569 2213 1677 2285 quidem

106 2300 182 2350 Hanc
194 2299 333 2353 historiam
346 2301 517 2353 Philostratus
534 2299 602 2370 (Im.
622 2316 646 2363 1,
662 2301 713 2368 ts)
727 2299 801 2352 aliter
814 2302 854 2351 in·
897 2302 961 2355 tibia
977 2303 1061 2365 canit,
1076 2301 1140 2353 alter
1153 2317 1216 2352 vero
1228 2299 1346 2370 plaudit,
1362 2299 1427 2352 alius
1438 2310 1541 2363 cautat;
1556 2317 1677 2365 coronas,

73 2387 210 2459 terpretari
230 2385 345 2440 ridetur.
372 2410 383 2432 ι
401 2385 578 2448 Mulierculae,
594 2386 694 2454 iuquit,
717 2385 745 2437 in
765 2385 854 2438 littore
897 2397 927 2439 ut
940 2397 1020 2457 puto,
1035 2396 1113 2455 atque
1125 2385 1212 2436 oscula
1220 2401 1325 2437 sumum
1333 2384 1449 2453 jaciunt,
1461 2402 1510 2436 nec
1522 2401 1609 2436 remos
1625 2385 1678 2452 agi·

73 2470 233 2534 acclamant,
248 2487 330 2540 equos
342 2480 429 2523 autem
444 2485 535 2537 rogare
556 2468 688 2532 videntur,
709 2487 743 2522 ne
759 2487 854 2540 pueros
898 2481 967 2532 tant,
981 2469 1028 2522 sed
1040 2470 1172 2530 inhibent,
1192 2479 1219 2520 et
1235 2467 1366 2538 applicant
1387 2469 1489 2536 navigia
1506 2466 1539 2521 nd
1555 2469 1679 2539 precipi-

73 2556 214 2626 abjiciant,
228 2573 295 2608 neve
318 2556 390 2608 irena
408 2564 546 2625 respuant,
563 2553 608 2606 sed
631 2554 697 2606 ieras
712 2556 815 2624 capiant
828 2566 854 2606 ct
899 2557 988 2607 tium:
1011 2554 1164 2607 muliercula
1185 2571 1246 2604 vero
1259 2571 1291 2604 ex
1310 2552 1409 2616 domo,
1431 2552 1500 2604 velut
1518 2570 1550 2606 ex
1570 2553 1675 2622 specula

73 2641 230 2693 conculcent
246 2659 254 2694 ι
267 2659 378 2712 quarum
387 2640 508 2710 precibus
521 2639 680 2690 commoveri
692 2640 751 2708 equi
765 2639 856 2692 videa-
899 2638 1056 2710 videthaec,
1070 2649 1097 2691 et
1110 2638 1178 2690 ridet
1200 2637 1387 2690 lascivientium
1408 2655 1482 2690 more
1502 2640 1529 2690 io
1551 2649 1677 2702 amantes,

73 2739 122 2783 tar.
162 2729 266 2780 Pueros
286 2737 388 2788 autem,
402 2726 448 2778 ubi
468 2727 552 2778 venati
572 2735 671 2788 meent,
692 2735 718 2778 et
740 2726 854 2795 poedam
898 2739 943 2774 etis
956 2739 1010 2774 oon
1019 2721 1104 2773 solum
1116 2722 1251 2789 navigare,
1265 2720 1311 2772 scd
1324 2722 1403 2773 etiam
1415 2730 1505 2773 natare
1518 2737 1623 2789 cogens.
1637 2723 1677 2773 Ac

73 2814 219 2882 emissent,
233 2815 307 2865 naris
324 2831 355 2866 ex
370 2815 476 2881 Europa
490 2813 516 2863 in
530 2813 618 2864 Asiam
635 2809 731 2880 trajicit
745 2828 792 2882 per
805 2811 855 2864 ire-
899 2807 1044 2878 procedens
1055 2809 1084 2860 in
1097 2807 1238 2879 spectanda
1252 2809 1369 2876 pictura,
1385 2806 1485 2859 incides
1504 2807 1531 2858 in
1545 2817 1677 2871 armenta,

74 2907 129 2949 tum
139 2897 225 2950 htum
240 2895 447 2968 quatuorstadia
463 2899 583 2962 (tanturn
600 2897 671 2948 enim
691 2896 855 2950 intervallum
898 2903 925 2946 et
937 2894 1082 2962 mugientes
1092 2894 1172 2945 boves
1185 2891 1292 2957 audies,
1307 2901 1333 2944 et
1347 2891 1495 2944 fistularum
1519 2909 1570 2944 vox
1591 2889 1618 2944 tie
1630 2893 1680 2944 cir·

73 2982 172 3035 d'atant
185 2981 242 3035 duo
258 2983 349 3049 orbes)
361 2992 387 3033 et
401 2984 527 3049 remigum
538 2982 586 3053 ipsi
598 2981 743 3049 iunguntur
756 2981 853 3037 officio.
900 2980 1075 3043 cumsooabit,
1083 2991 1110 3033 tt
1122 2982 1149 3033 in
1161 2990 1296 3032 venatores
1308 2977 1416 3040 incides,
1425 2982 1451 3028 ct
1464 2976 1621 3045 agrimlaset
1630 2978 1680 3029 ssu-

74 3070 142 3121 Eoce
161 3080 253 3121 autem
272 3068 411 3121 rodentem
428 3066 545 3137 jaciunt,
566 3068 663 3139 excipit
679 3068 749 3138 ipsos
761 3067 857 3120 domus
901 3066 956 3117 rios
976 3074 1005 3117 et
1021 3064 1091 3117 lamrs
1103 3074 1129 3117 et
1141 3064 1226 3117 sontes
1240 3063 1381 3133 (expressit
1403 3063 1473 3113 enim
1494 3063 1596 3131 pictura
1611 3072 1637 3114 et
1649 3080 1680 3115 ea

74 3158 267 3219 amoen'sssims,
289 3155 416 3207 thalamos
432 3164 459 3206 et
481 3152 610 3207 andronas
633 3153 857 3223 leuoetrarumque
902 3169 961 3221 quae
973 3162 1034 3204 sunt
1044 3163 1071 3205 et
1079 3169 1138 3222 qua
1151 3151 1251 3204 linotet
1260 3159 1289 3202 at
1297 3147 1417 3220 quiedam
1430 3148 1487 3200 lieri
1500 3158 1615 3219 possent,
1625 3166 1680 3201 uon

75 3240 183 3307 vestigia
194 3238 392 3301 subostendens,
407 3256 484 3291 muro
496 3237 655 3291 circumdata
668 3239 755 3309 pinnis
766 3248 792 3291 et
797 3256 858 3309 pro·
901 3235 937 3288 ob
961 3235 1155 3288 multitudinem
1168 3236 1281 3303 segniter
1302 3235 1451 3303 exprimens
1471 3233 1618 3296 veritatem,
1633 3232 1681 3286 sed

74 3324 230 3394 pugiunculis
243 3336 383 3387 exornato,
398 3334 425 3375 et
443 3321 530 3397 (quod
550 3323 644 3375 domus
660 3333 699 3375 est
714 3323 858 3394 pulcherri-
901 3321 1038 3392 perficiens
1051 3321 1213 3390 singulorum
1224 3320 1358 3391 propriam
1368 3321 1530 3382 naturam),
1546 3318 1632 3371 donec
1643 3318 1678 3372 ad

76 3412 162 3477 mum)
173 3407 231 3477 ejus
244 3410 360 3479 porticus
376 3407 578 3471 semicirculata,
595 3407 689 3461 coloris
710 3410 778 3460 cerci
801 3426 858 3479 spe-
902 3404 992 3458 lanum
1005 3406 1201 3475 pervenerimus
1211 3424 1219 3468 ;
1230 3403 1357 3474 templum
1369 3405 1459 3467 etiam,
1472 3402 1545 3473 quod
1558 3403 1610 3456 illic
1625 3414 1679 3469 est,

75 3494 143 3543 ciem
154 3509 273 3560 ματα
286 3491 415 3562 hpidibus
424 3494 451 3545 in
463 3494 519 3561 ipsa
531 3492 694 3555 constitutis,
707 3493 858 3545 circumstat
901 3498 978 3560 puto,
994 3488 1076 3552 vidus,
1088 3498 1116 3541 et
1124 3487 1271 3551 columnas,
1285 3505 1344 3557 quae
1362 3490 1431 3541 circa
1443 3489 1530 3558 ipsum
1542 3498 1604 3541 sunt
1616 3505 1680 3541 cou-

77 3594 159 3628 mare.
187 3577 223 3630 lli
241 3576 340 3646 lapides
358 3578 501 3645 gignuntur
520 3594 551 3629 ex
572 3576 660 3640 sonte;
680 3592 774 3645 aquam
788 3580 859 3631 enim
902 3574 1013 3637 stitutae,
1036 3584 1063 3625 et
1076 3575 1103 3625 in
1115 3590 1162 3625 ore
1175 3574 1251 3625 Ponti
1270 3571 1337 3624 iaces
1350 3590 1382 3625 er
1400 3572 1503 3643 specula
1522 3573 1629 3626 sublatae
1646 3571 1681 3626 ad

78 3661 191 3715 calidam
218 3672 321 3713 montes
338 3662 457 3731 Pbrygiae
468 3664 605 3725 emittunt,
623 3670 648 3713 et
667 3660 754 3713 iluxus
767 3660 859 3715 induo·
903 3657 1095 3715 ostendendum
1106 3676 1136 3709 os
1150 3658 1227 3709 Ponti
1240 3657 1365 3712 naribus.
1384 3680 1397 3705 ι

77 3756 120 3797 tus
132 3757 141 3781 ¹
156 3747 186 3797 in
198 3745 319 3797 latomias
330 3744 448 3798 madidas
460 3744 539 3798 efficit
555 3754 688 3815 petr-rrum
705 3745 802 3815 aliquas
815 3765 860 3799 co-
938 3744 1013 3796 Hanc
1024 3741 1173 3797 Philostrati
1184 3742 1313 3812 picturam
1326 3741 1415 3806 attuli,
1428 3760 1460 3793 ex
1474 3760 1504 3794 ea
1513 3741 1645 3810 colligens,
1658 3744 1680 3795 si

79 3831 140 3884 loris
153 3834 248 3901 aquei,
270 3842 297 3884 et
309 3831 426 3903 lapidum
443 3832 645 3885 excrescentism
657 3830 734 3896 iacit,
747 3842 777 3883 ut
790 3834 859 3903 ipso·
904 3846 963 3882 vere
996 3829 1167 3883 Philostratus
1195 3829 1397 3897 iuterpretatur,
1423 3826 1564 3896 aliquando
1590 3844 1682 3880 revera

80 3932 138 3968 rum
152 3917 219 3967 varii
240 3916 340 3968 colores
352 3919 473 3969 existant.
505 3916 558 3969 Ubi
575 3917 645 3969 enirn
663 3934 729 3985 aqua
742 3926 858 3985 stagnat,
904 3924 1113 3983 repraesentatam
1127 3911 1205 3964 luisse
1223 3910 1257 3964 ab
1279 3912 1333 3974 his,
1352 3913 1399 3981 qui
1420 3912 1551 3979 angustias
1570 3912 1680 3981 Bospori

80 4000 219 4053 turbidum
228 4000 343 4053 colorem
359 4010 386 4055 et
398 4019 502 4054 cereum
521 4000 639 4063 inducit;
655 4000 700 4053 ubi
719 4018 782 4053 vero
793 4018 861 4071 aqua
904 3999 1042 4062 amolunt,
1069 3997 1215 4051 volentibus
1241 4008 1287 4049 aut
1308 4014 1338 4049 re
1356 4000 1421 4067 ipsa,
1435 4008 1479 4049 aut
1498 3996 1557 4049 licta
1577 3995 1682 4049 amula·

80 4102 159 4155 pun,
183 4084 299 4137 colorem
318 4085 494 4155 crystallinum
514 4084 607 4147 efficit,
628 4084 768 4155 multisque
785 4096 861 4155 epota
903 4086 978 4139 tione
988 4084 1059 4156 apud
1081 4102 1141 4137 suas
1154 4086 1286 4152 angrariis
1296 4084 1406 4136 similem
1423 4100 1540 4135 amorem
1552 4082 1643 4153 puella
1655 4092 1682 4135 et

81 4168 254 4221 lommimbus
267 4168 365 4238 lapides
377 4170 467 4221 variat.
479 4168 529 4222 sed
544 4168 616 4221 littus
629 4168 758 4221 excelsum
768 4180 821 4234 est,
833 4178 861 4223 et
903 4172 980 4241 pueri
993 4168 1116 4221 accidisse
1128 4171 1167 4231 ei,
1180 4170 1225 4238 qui
1244 4168 1338 4221 accidit
1352 4167 1423 4238 apud
1435 4168 1623 4238 Hellespontian
1635 4185 1682 4220 an·

81 4254 232 4325 hujusmodi
243 4254 335 4308 labala
346 4256 396 4308 fert
408 4256 564 4326 symbolum.
573 4254 659 4310 Puella
666 4273 697 4307 ac
706 4272 772 4326 puer
782 4256 861 4307 ambo
904 4258 1014 4327 gustias,
1033 4256 1067 4309 ad
1081 4258 1183 4309 Sestum
1197 4266 1223 4307 ct
1237 4254 1360 4325 Abydum
1375 4272 1381 4307 :
1397 4271 1547 4324 quanquam
1558 4270 1625 4325 puer
1639 4252 1682 4305 ille

81 4340 207 4404 formosi,
228 4340 394 4412 eundemque
407 4340 598 4410 frequentantes
612 4352 812 4411 praeceptorem,
826 4340 859 4393 ad
905 4340 1015 4394 tendens
1026 4358 1118 4393 manus
1131 4340 1214 4392 videri
1230 4341 1311 4410 possit
1325 4339 1366 4391 ille
1384 4357 1463 4409 quem
1475 4348 1535 4391 aute
1546 4338 1682 4409 descripsit

82 4437 203 4479 mutuum
226 4444 343 4479 amorem
361 4438 529 4492 exarserunt,
554 4437 581 4480 et
600 4427 670 4480 nulla
689 4426 860 4499 amplectendi
907 4429 1048 4499 Dionysius
1058 4428 1205 4499 Byzantius.
1224 4428 1292 4479 Nam
1303 4426 1388 4478 nullus
1405 4436 1496 4477 auctor
1510 4424 1603 4489 tradit,
1617 4414 1681 4495 pue·

282 4580 334 4595 0-

83 4677 206 4728 llercurii
231 4676 372 4728 Philesium
395 4678 537 4747 τετράπουν.
565 4678 692 4747 Suspioeri
719 4677 779 4729 licet
800 4678 861 4731 Fani
906 4676 1003 4747 Ιαφυσιν
1030 4684 1079 4731 τῶν
1103 4678 1190 4741 λίθων,
1214 4679 1270 4730 iles
1293 4675 1371 4728 αθτῶν
1395 4674 1540 4729 καὶπολλὰ
1561 4674 1592 4728 τὰ
1614 4676 1681 4745 ypc's·

84 4764 309 4824 quoquestatuam
321 4766 516 4825 repraesentasse
527 4754 659 4819 Φιλήσιον,
675 4756 861 4826 quasiMcrcu·
907 4772 981 4825 ματα.
1770 4758 1774 4764 ’

85 4832 151 4884 mum
171 4830 305 4901 quendum
326 4832 458 4885 camillum
479 4834 533 4885 sive
554 4832 743 4897 sacrificulum,
769 4850 862 4887 manus
940 4850 966 4887 a.
981 4835 1342 4905 Pracipitiametc.]Gracs
1355 4829 1682 4900 itahabentssipqpvierfi

85 4907 176 4959 edum
190 4927 282 4963 versus
295 4908 456 4963 tendentem.
906 4911 1015 4982 θαλάττῃ
1036 4911 1149 4981 ipius-qm
1168 4910 1200 4963 τά
1220 4910 1263 4981 pls
1285 4910 1423 4979 κλυζόμενα
1441 4908 1627 4975 θτωλιαθηκώς,
1650 4906 1682 4959 τά

120 5000 144 5036 1.
161 4986 262 5039 Fluxus
277 4986 400 5039 inductus
416 4997 465 5039 etc.
478 4990 488 5055 ]
502 4987 530 5039 ln
545 4988 633 5056 gracie
644 4987 738 5057 legitur
749 4990 796 5058 (p.
811 4990 861 5059 3l9
905 4990 927 5039 δ’
941 4989 993 5042 lieo
1005 4989 1198 5059 προεκκείμενος,
1212 4987 1302 5058 teuton
1316 5006 1371 5040 τινα
1383 4988 1473 5054 ταύτην
1484 4986 1579 5056 ἀνάγων
1591 4985 1680 5049 cislae,

86 5058 126 5112 cll.
141 5061 230 5116 Didot.
242 5065 273 5131 ):
295 5062 392 5132 Θερμθν
414 5062 462 5132 γὰρ
478 5066 544 5133 νᾶμα
563 5064 676 5134 inermos
691 5064 721 5117 τά
738 5068 781 5131 τῆς
796 5068 862 5117 κάτω
905 5068 943 5138 θφ’
956 5062 985 5133 ἧς
997 5068 1038 5119 καὶ
1055 5067 1071 5133 i}
1090 5068 1200 5121 θάλαττα
1216 5069 1353 5137 αυανωτέρα
1372 5067 1481 5137 φαίνεται
1498 5062 1683 5135 ααθιεμένωνθς

86 5136 190 5207 Φρυγίας
199 5139 244 5208 ὅρη
260 5139 302 5191 sul
315 5139 344 5191 ri
364 5138 441 5209 ῥεῦμα
454 5138 477 5202 ἐς
487 5140 530 5202 τάς
544 5141 663 5211 λατομίας
682 5141 770 5213 ἔσάγον
784 5144 862 5214 θπθμ-
906 5144 980 5209 αὐτὴν
992 5150 1040 5197 τῶν
1054 5143 1197 5213 ὀφθαλμῶν,
1207 5144 1249 5195 sul
1263 5142 1321 5212 ἡγῆ
1333 5145 1464 5212 παρέχεται
1477 5142 1508 5195 τά
1527 5143 1586 5203 νεὼς
1602 5142 1681 5194 πάντα

88 5213 153 5283 ipsse
169 5215 295 5287 ἐργάζεται
307 5223 356 5269 τῶν
373 5222 468 5287 πετρῶν
483 5218 546 5280 ἐνίας
559 5221 599 5271 sul
616 5219 726 5286 θθατώδη
738 5224 806 5275 ποιεῖ
820 5221 863 5287 τὴν
906 5222 970 5287 πλὴν
983 5226 1026 5273 τοῦ
1040 5222 1165 5274 κινεῖσθαι.
