3884 5925
645 469 823 528 tractus
846 445 1008 528 noscent
1029 459 1193 530 ranucii.
1668 483 1714 532 m

117 600 209 671 templo
234 600 371 671 Apollinis.
411 602 450 652 Ex
468 599 603 652 antedictis
619 599 714 670 liquet,
730 617 808 668 quam
826 609 894 650 erret
944 610 1035 670 pirosa
1048 603 1148 672 antiqui
1160 605 1321 668 monasterii,
1336 603 1502 674 uhiamplius
1515 605 1662 674 quingente
1674 603 1720 656 lc·-

115 689 226 750 l’linius,
243 685 367 756 quidum
382 696 518 738 enumerat
538 685 632 738 insutus
649 683 816 754 Propontidis
833 683 898 736 dicit
944 688 1021 739 minae
1040 689 1125 740 vivere
1143 689 1268 742 solebant.
1306 693 1404 744 Contra
1417 693 1602 744 monasterium
1621 693 1669 743 sita
1682 704 1722 745 est

116 775 293 824 ticmuncsum
317 772 427 826 insulam
443 773 519 824 sitam
542 788 597 822 esse
617 782 676 824 ante
696 768 895 834 Nicomediam,
944 776 1026 828 insula
1051 777 1158 844 exigua,
1181 796 1263 848 parvo
1287 780 1419 832 intervallo
1443 779 1558 843 distans,
1589 782 1721 835 nominata

112 862 170 908 culn
185 858 256 910 nulla
270 858 353 910 insula
370 857 462 908 existat
478 859 503 908 in
519 859 579 910 sinu
595 856 754 909 Nicomediae
771 856 832 908 olim
852 875 896 928 ap·
943 865 1118 915 Anteroritos.
1161 864 1226 916 lude
1249 867 1275 916 in
1295 865 1387 917 eodem
1410 866 1496 918 littore
1512 869 1630 937 sequitur
1649 869 1721 920 vicus

113 942 205 1014 pellito
221 948 357 996 Astaccno.
396 943 496 998 Verum
511 953 541 996 ut
554 943 648 996 clarius
662 943 833 1014 perspiciatur
846 945 897 994 Dc·
943 949 1093 999 nominatus
1103 951 1202 1019 Carya3
1217 967 1295 1021 supra
1308 953 1393 1003 vicum
1408 951 1511 1003 modice
1522 954 1619 1004 eminet
1626 951 1720 1022 jugum

114 1047 236 1082 rnoncsus
261 1029 351 1082 eadem
373 1029 456 1081 insula
476 1047 531 1081 esse
552 1047 610 1098 quac
631 1029 768 1092 Chalcitis,
782 1039 811 1080 ut
828 1045 897 1080 nunc
942 1042 1105 1086 contractum
1129 1039 1155 1088 in
1177 1037 1281 1100 vallem,
1304 1040 1415 1090 cinctam
1437 1036 1543 1089 duobus
1566 1040 1719 1101 verticibus,

111 1128 171 1169 snut
188 1116 447 1184 ostendamrestigia
465 1115 638 1178 metallorum,
657 1118 776 1167 etuitum
791 1115 896 1188 insuta,
943 1137 1002 1189 quae
1012 1121 1202 1175 seentmediam
1219 1124 1328 1176 insulam
1342 1125 1490 1178 abortuad
1507 1143 1638 1180 occasum.
1676 1129 1721 1178 ln·

111 1221 168 1272 quae
185 1203 271 1255 tribus
293 1202 432 1255 verticibus
452 1219 499 1253 scu
512 1200 622 1253 collibus
637 1201 785 1252 intumescit
802 1217 807 1252 ι
829 1217 897 1252 unus
942 1205 1004 1258 suin
1017 1207 1087 1258 littus
1107 1209 1211 1259 inruens
1226 1207 1359 1260 meridiem
1373 1211 1482 1280 rupibus
1498 1211 1719 1274 circumvallatum

112 1289 194 1356 vergit
215 1286 249 1340 ad
273 1287 447 1357 aquilonem„
461 1286 525 1338 alter
543 1286 575 1338 ad
597 1303 735 1349 oceasum,
753 1287 845 1338 tertius
864 1283 896 1336 ad
941 1291 1013 1345 littus
1024 1311 1085 1345 mo
1098 1307 1216 1364 spectans
1227 1294 1261 1347 ad
1272 1295 1333 1348 sotis
1345 1315 1475 1358 occasum,
1489 1299 1636 1350 minoribus
1649 1301 1721 1368 rupi.

110 1375 251 1426 uricutcm.
287 1373 383 1425 lusutae
398 1372 464 1424 tatus
484 1371 658 1425 meridianum
681 1381 720 1423 cst
738 1389 852 1441 preceps
872 1381 897 1422 ct
943 1379 993 1431 bus
1015 1381 1141 1447 cingnum
1158 1380 1273 1450 denique
1293 1381 1383 1434 insuta
1402 1384 1526 1434 circuitus
1545 1401 1598 1435 nou
1619 1385 1721 1438 excedit

111 1457 254 1527 sticupsum
280 1461 306 1510 iu
321 1473 412 1528 rupes,
427 1467 535 1527 csccprc
552 1459 625 1520 sinu,
640 1456 801 1508 uduicrcnrs.
815 1473 896 1508 ccccc-
942 1467 1073 1534 ssxagiua
1084 1465 1175 1517 studii.
1213 1465 1297 1518 itaut
1308 1485 1324 1518 a
1342 1466 1451 1518 uestis
1464 1469 1575 1520 vicinam
1591 1470 1718 1530 insuam.

112 1560 168 1594 sum
185 1545 267 1595 maris
278 1553 442 1613 portuosum,
459 1559 566 1612 quoquo
582 1559 669 1593 versus
678 1551 808 1612 patentem
821 1543 897 1612 paulo
941 1567 1021 1620 quarn
1036 1561 1129 1621 vocant
1144 1549 1268 1614 Androm
1287 1551 1320 1602 alr
1338 1553 1437 1604 oriente
1451 1554 1623 1621 equinoctiali
1643 1555 1721 1608 habet

114 1630 170 1700 plus
181 1629 286 1694 stadio,
302 1641 388 1682 tutum
403 1629 436 1681 ab
450 1631 521 1680 omni
535 1641 628 1690 vento,
650 1629 752 1698 excipio
767 1639 894 1681 austrum.
941 1635 1047 1688 atteiam
1063 1636 1173 1689 irruptam
1189 1637 1349 1689 nominatam
1367 1635 1421 1688 divi
1436 1637 1561 1702 Anam,
1580 1639 1720 1693 distamen,

111 1719 185 1769 Citra
200 1718 274 1768 butte
285 1719 371 1768 sinum
380 1717 493 1768 exlslunl
504 1733 607 1784 aggeres
618 1715 761 1776 scrobium·
774 1714 843 1784 Pleni
855 1731 897 1766 ru·
941 1721 1000 1790 plus
1012 1722 1099 1772 minus
1110 1721 1200 1774 decem
1214 1721 1336 1784 miliaria,
1349 1721 1467 1792 undique
1486 1722 1593 1775 excelsis
1611 1725 1721 1795 rupibus
1744 1715 1750 1726 ’

111 1803 219 1854 denibus
232 1802 365 1868 mruleis,
378 1801 479 1870 rejectis
489 1819 522 1853 ea
535 1801 673 1853 effossione
686 1801 744 1851 seris
755 1810 780 1850 et
790 1801 896 1869 chryso-
941 1817 966 1858 ct
980 1808 1117 1876 praeruptis
1128 1807 1272 1868 munitam,
1285 1817 1395 1876 excepto
1407 1808 1485 1860 intere
1494 1809 1665 1879 conspicienti
1679 1820 1721 1860 aa.

111 1891 221 1942 collnect
237 1889 354 1953 caerulei3
375 1899 452 1958 atque
467 1891 535 1940 inter
550 1890 603 1958 ipsa
618 1886 713 1939 rudera
734 1887 822 1954 collegi
841 1888 896 1938 eai-
943 1892 971 1942 lis
983 1901 1086 1956 ortum,
1107 1891 1151 1942 ubi
1166 1890 1328 1944 domicilium
1349 1891 1479 1943 sodalium
1498 1904 1573 1944 scete
1589 1894 1720 1947 solitariae.

113 1977 194 2027 mium
208 1976 349 2027 esemleum
361 1981 389 2026 'ct
410 1974 554 2026 absolutam
571 1973 767 2042 chrysocollam.
813 1971 892 2038 Quod
943 1977 1075 2030 Dividitur
1088 1979 1142 2029 baec
1162 1978 1245 2030 insula
1262 1996 1277 2030 a
1299 1979 1443 2030 continenti
1458 1982 1524 2032 mari
1539 1979 1592 2033 lato
1608 1991 1722 2049 quatuor

110 2060 243 2112 airadum
260 2063 339 2112 maris
354 2061 388 2112 ibi
398 2059 566 2123 effoderetur,
579 2061 635 2111 sine
649 2059 811 2110 dubitatione
826 2060 896 2110 inve·
941 2063 1033 2116 stndia.
1069 2063 1228 2116 Pauloultra
1241 2063 1309 2114 hanc
1324 2063 1435 2116 insulam
1447 2065 1566 2133 pergenti
1583 2064 1616 2117 ad
1631 2067 1720 2120 sinum

111 2147 324 2199 uireturanrnm
339 2147 447 2199 illudab
460 2145 595 2199 Aristotele
610 2146 756 2198 laudatum.
786 2151 897 2213 Aggere
941 2153 1096 2202 Astacenum
1106 2149 1202 2200 eminet
1212 2149 1511 2218 promontorium,quod
1521 2149 1645 2219 usquead
1655 2153 1722 2204 hanc

110 2233 246 2286 scrobium
268 2234 377 2286 suntin
396 2231 527 2284 radicibus
545 2231 615 2282 vallis
637 2247 715 2300 sapim
735 2231 821 2281 sinum
843 2233 896 2295 jam
941 2244 1042 2286 aetatem
1065 2233 1208 2303 appellatur
1229 2233 1332 2296 Acrita,
1355 2243 1384 2293 ut
1405 2244 1512 2286 vocatur
1531 2253 1547 2286 a
1565 2236 1721 2301 Ptolemae,

109 2318 214 2370 dictum
228 2319 384 2380 eminentis,
406 2328 432 2369 et
445 2319 554 2368 secantis
572 2316 681 2366 insulam
697 2333 713 2366 n
735 2317 798 2366 mari
816 2316 895 2368 meri·
941 2317 1013 2387 quod
1025 2320 1164 2388 Menippus
1175 2318 1239 2370 dicit
1252 2317 1349 2370 distare
1360 2317 1394 2369 ab
1409 2318 1475 2370 urbe
1488 2318 1652 2373 Chalcedone
1671 2333 1722 2376 sta-

110 2405 191 2458 diano
205 2403 240 2457 ad
257 2421 328 2456 mare
341 2403 555 2475 septentrionale,
575 2402 648 2470 cujus
662 2401 769 2470 «puidam
784 2401 855 2453 vallis
870 2403 895 2452 in
941 2402 986 2456 dia
1005 2405 1146 2471 sexaginta.
1183 2405 1283 2454 Omnes
1302 2401 1439 2456 antedictae
1459 2404 1549 2457 insulae
1570 2406 1687 2477 abnam
1707 2429 1723 2462 a

52 2511 61 2529 ·
109 2503 182 2561 parte
199 2491 288 2544 mcclia
300 2493 364 2544 elata
378 2493 404 2542 in
418 2490 510 2560 jugum
527 2491 614 2540 insule
628 2501 665 2540 cst
679 2489 841 2541 domicilium
856 2507 897 2542 ao-
941 2490 1092 2541 continente
1108 2487 1239 2551 videntur,
1256 2505 1367 2557 quarum
1381 2498 1504 2558 quatuor,
1516 2491 1642 2546 nimirum
1656 2496 1721 2547 Pro·

109 2576 261 2628 litariorum
276 2575 738 2640 sodalium-Graecanicareligionis,
753 2575 798 2625 ubi
815 2575 896 2644 Nym-
935 2585 983 2642 ¹ta,
1006 2575 1166 2641 Antigonus,
1183 2573 1304 2625 Chalcitis
1330 2583 1356 2625 et
1374 2575 1498 2643 Princeps
1519 2574 1616 2628 iaciunt
1636 2581 1722 2632 ςίιιιιιιι

109 2663 190 2731 pbma·
202 2679 298 2730 magna
310 2663 412 2729 signino
424 2677 501 2730 oriere
515 2658 659 2720 elaborata,
676 2659 749 2728 prlena
759 2659 815 2728 jugi
830 2679 908 2738 aqua·
941 2643 990 2710 suo
1002 2659 1079 2710 latere
1094 2669 1240 2727 vergentem
1254 2657 1288 2709 ad
1302 2658 1460 2728 aquilonem,
1475 2670 1505 2712 ut
1516 2663 1595 2714 Prota
1608 2674 1634 2714 ct
1649 2666 1722 2716 Prin·

110 2759 239 2800 manante
261 2767 292 2800 ex
313 2749 408 2800 vertice
423 2749 566 2816 pertinente
580 2746 611 2797 ad
633 2749 770 2798 orientem.
811 2748 895 2799 littus
941 2763 1002 2817 ceps
1012 2749 1064 2799 sint
1077 2747 1149 2798 sinus
1159 2763 1267 2806 cornua,
1280 2747 1425 2814 Antigonos
1436 2757 1462 2798 et
1471 2747 1595 2800 Chalcitis
1608 2749 1723 2804 efficiant

108 2836 219 2886 intuens
240 2835 302 2886 solis
318 2845 405 2886 ortum
422 2834 499 2884 habet
514 2833 599 2882 vicum
624 2842 828 2901 rrtrrrcupatuma
849 2850 896 2884 no·
943 2833 1065 2884 intimum
1079 2833 1152 2883 sinus
1165 2849 1306 2884 recessum.
1343 2832 1410 2884 Cum
1431 2834 1523 2902 aspicis
1534 2852 1567 2884 ea
1584 2837 1668 2888 Protae
1687 2837 1722 2888 la·

107 2921 180 2973 mine
196 2919 306 2985 insulaea
321 2919 370 2971 snb
384 2920 440 2971 rico
457 2917 533 2971 statio
547 2917 720 2986 riarigiorurn.
942 2928 997 2971 tere
1009 2927 1129 2985 vergente
1147 2914 1181 2969 ad
1198 2915 1259 2969 solis
1272 2926 1374 2981 ortum,
1390 2916 1504 2971 advertis
1524 2920 1611 2973 sinum
1626 2919 1723 2975 laetum

456 3053 461 3062 ,
596 3054 601 3061 ,
640 3052 644 3061 ,
670 3053 673 3061 ,
942 3024 973 3055 eu
995 3014 1108 3073 qrratuor
1128 3002 1232 3065 insulis,
1252 3020 1300 3055 nec
1321 3002 1393 3055 rides
1413 3005 1519 3074 euripos
1534 3004 1723 3059 intercedentes

316 3056 376 3108 XV'
401 3058 436 3105 θ’
451 3054 537 3105 mia
553 3056 696 3123 Pn'w‘pu'
943 3094 1011 3144 inter
1033 3091 1143 3152 insulas,
1167 3100 1197 3142 ut
1215 3092 1252 3143 rei
1273 3091 1378 3159 ignarus
1398 3102 1512 3161 quatuor
1529 3092 1625 3144 insulas
1643 3111 1723 3146 unam

143 3182 239 3235 Insula
248 3181 391 3250 Principis,
406 3178 504 3231 distans
517 3196 532 3231 a
546 3176 690 3229 Chaleitide
703 3178 807 3229 circiter
819 3179 897 3247 quin·
942 3180 1103 3249 caridemqnc
1126 3179 1236 3231 insulam
1254 3180 1413 3231 existimaret
1428 3190 1542 3249 quatuor
1559 3180 1669 3233 collibus
1682 3183 1722 3234 in·

108 3286 160 3337 quc
172 3265 279 3329 stadia,
295 3266 428 3325 nominata
442 3275 480 3315 cst
490 3282 506 3315 a
521 3264 649 3331 frequenti
662 3262 821 3314 habitatione
834 3263 897 3316 titia-
942 3277 1142 3327 tumescentem,
1155 3265 1322 3334 primnmque
1335 3263 1426 3315 collem
1439 3276 1589 3323 numeraret
1602 3268 1721 3330 Protam,

107 3370 168 3405 rum
184 3352 355 3422 principum,
369 3350 540 3416 virginitatem
556 3348 696 3399 solitariam
708 3348 894 3418 profitentium.
942 3350 1087 3402 secundum
1103 3350 1286 3417 Antigoniam,
1307 3351 1413 3401 tertium
1428 3350 1581 3413 Chalcitim,
1599 3362 1722 3421 quartum

107 3441 245 3509 Georgius
259 3438 394 3489 Cedrenus
406 3436 441 3487 it
452 3438 595 3497 tustinum,
610 3444 728 3504 nepotem
746 3436 895 3497 Justiniani,
943 3440 1100 3507 Principem.
1138 3436 1253 3505 Euripus
1277 3452 1399 3507 separans
1421 3436 1518 3488 insulas
1540 3454 1556 3489 a
1579 3439 1722 3490 continenti

106 3526 255 3578 edificasse
268 3524 408 3575 solitariam
422 3523 499 3574 ritam
512 3523 643 3590 agentium
655 3521 832 3583 domicilium,
850 3540 896 3573 no·
942 3534 1013 3595 patet
1031 3526 1058 3576 in
1076 3524 1239 3577 latitudinem
1252 3523 1330 3592 paulo
1350 3523 1461 3593 amplius
1480 3524 1612 3592 sexaginta
1627 3524 1723 3578 stadio·

107 3616 245 3666 nrinatum
267 3612 396 3681 Principis
421 3609 601 3662 suburbanum
626 3608 895 3677 Constantinopolcos.
942 3628 1002 3662 rum
1050 3610 1112 3661 lla-c
1123 3607 1265 3677 adjungere
1276 3606 1345 3659 volui
1357 3606 1390 3658 de
1401 3608 1491 3659 insulis
1503 3608 1659 3661 suburbanis
1674 3613 1723 3680 Bp·
1759 3606 1765 3619 ’

107 3704 229 3755 Zonaras
247 3699 339 3751 scribit
356 3698 534 3767 Nicephorum
553 3699 645 3747 lrcnen
669 3694 770 3747 caulem
794 3695 897 3765 ejecisse
943 3698 1037 3759 zantii,
1055 3694 1352 3763 velutprrrparationem
1371 3691 1511 3744 adelerius
1524 3694 1722 3763 percipiendum

107 3790 134 3840 in
149 3785 269 3839 insulam
283 3784 411 3855 Principis
423 3782 586 3855 appellatam,
602 3782 628 3833 in
643 3798 693 3851 qua
711 3783 897 3833 monasterium
917 3840 918 3845 ¹
942 3782 1021 3833 situm
1042 3779 1173 3849 Bymntii,
1194 3795 1272 3847 quem
1288 3793 1303 3827 e
1325 3778 1431 3845 vestigio
1452 3776 1607 3847 subjungere
1620 3782 1721 3848 cogito;

108 3876 165 3945 ipsa
176 3872 371 3933 aedificaverat,
384 3869 455 3923 undo
469 3869 576 3921 sortasse
599 3868 682 3919 insula
702 3867 827 3939 appellata
848 3867 897 3921 luit
942 3869 1055 3939 reliquas
1067 3864 1233 3937 Propontidis
1247 3864 1343 3916 insulas
1352 3863 1427 3932 longe
1439 3864 1472 3916 ab
1482 3864 1546 3916 urbe
1557 3866 1719 3931 remotiores,

107 3960 255 4029 Principis.
267 3954 476 4025 Longcdimidio
486 3954 750 4025 majorexistitquam
763 3955 895 4021 Chalcitis,
944 3967 972 4009 ut
989 3958 1201 4014 Proconnesum,
1221 3949 1380 4021 Ophiusam,
1405 3949 1569 4014 Acanthum,
1588 3950 1721 4015 Phoeben,

108 4064 205 4099 omnes
217 4043 362 4097 antedictas
375 4043 470 4095 insulas
483 4041 619 4096 altitudine
631 4050 791 4112 superstant
803 4054 895 4112 aeqttat.
942 4040 1079 4110 Scopelon,
1092 4036 1311 4107 Porphyrionem,
1324 4035 1462 4099 Halonem,
1476 4035 1654 4107 Delphaciam,
1671 4039 1721 4089 Po·

109 4135 151 4187 Ab
165 4135 272 4186 oriente
287 4132 376 4183 aestiro
387 4132 471 4183 vicum
487 4130 564 4183 habet
583 4132 746 4182 nominatum
760 4131 896 4199 Principis,
943 4128 1075 4199 lydorum,
1088 4121 1297 4179 simmatus
1311 4121 1722 4187 Rhodiussss,'cscouustuuu·s

108 4224 191 4274 situm
205 4222 234 4271 in
247 4218 356 4291 planitie
367 4218 478 4271 littorea.
516 4220 546 4270 In
565 4216 621 4286 ejus
636 4216 850 4285 littore-vergenti
865 4213 898 4268 ad
943 4212 1079 4282 Rhyndaci
1092 4210 1233 4269 Besbieon,
1248 4205 1322 4277 cujus
1339 4209 1458 4261 meminit
1477 4208 1657 4272 Dioscorides,
1679 4227 1720 4261 re·

109 4318 201 4362 ortum
231 4305 439 4375 aequinoctialem
461 4314 609 4374 spectantur
632 4302 801 4357 fundamenta
826 4320 897 4355 snm·
941 4300 1005 4371 jicio
1016 4300 1043 4352 in
1055 4314 1142 4351 meotn
1154 4296 1282 4368 periplum
1294 4295 1461 4364 Psopontidis
1474 4307 1500 4348 ct
1514 4295 1685 4366 llellesponti.
