3884 5925
833 488 1095 549 ΠΑΡΑΦΡΑΣΙΣ.
1714 498 1768 556 491

165 618 323 701 περίδρομος
335 617 455 680 θάλασσα
467 617 698 697 συνεστραμμένην
712 616 771 679 ὑδδι
781 617 844 699 πρδς
852 623 947 681 θνατο-
991 617 1065 687 κότες
1076 620 1121 677 καὶ
1133 617 1264 699 θξίχοντες
1277 622 1329 679 τῶν
1339 624 1406 701 ὀρῶν
1426 620 1501 682 τόποι
1510 622 1593 697 μέσην
1606 624 1651 683 καί
1666 627 1772 691 ὑποκει-

164 707 428 786 λήνπεριτίμνεται,
443 705 581 766 καταπολὺ
593 706 647 766 έσω
661 706 841 787 προὺαίνουσα
853 710 890 774 εἰς
903 706 947 767 τὸν
993 705 1074 781 μένην
1089 706 1170 777 αὐτὴν
1197 706 1302 787 έχουσι,
1323 713 1369 767 τοῦ
1386 732 1416 768 τε
1430 710 1533 769 δυτικοῦ
1555 712 1655 771 Κασίου
1668 713 1713 769 καλ
1726 717 1771 771 τοῦ

165 793 282 855 Ἰσσικὺν
296 794 411 854 κόλπον·
434 784 507 861 οὑτος
522 792 580 853 δίὺ
604 794 699 861 κόλπος
717 793 811 871 γείτων
835 793 946 865 ίστίνλ
992 794 1146 853 εἰνατολικοῦ
1171 795 1298 855 Αιόάνου.
1343 796 1396 855 Καί
1416 796 1516 870 ταύτην
1535 798 1583 873 μὲν
1605 798 1704 870 Κοίλην
1727 800 1771 859 λέ·

165 880 279 953 πλησίον
292 886 337 941 τοῦ
359 880 481 949 Εὐξείνου
501 881 616 959 πόντου,
635 881 669 939 τδε
682 886 729 953 τῆς
744 881 866 949 Κιλικίας
885 882 945 955 ίθνη
991 902 1078 958 γουσι·
1095 884 1164 961 τρεῖς
1174 884 1225 962 γάρ
1235 882 1382 957 είσιν,ἥτε
1391 883 1506 957 Φοινίκη
1516 885 1589 957 καὶὴ
1602 888 1769 959 Παλαιστίνη

165 968 268 1049 μακρδσ
284 969 328 1027 ίπί
341 967 390 1041 τὴν
404 966 533 1040 ἀνατολὴν
546 969 757 1051 περισυράμενος.
798 967 905 1029 Ἐκεῖνα
919 967 946 1028 δί
991 968 1066 1039 καὶὴ
1087 966 1186 1045 Κοίλη,
1200 970 1232 1042 ἣν
1246 972 1337 1031 πολλοὶ
1353 972 1398 1031 καί
1412 972 1532 1033 πλούσιοι
1546 972 1635 1053 ἄνδρες
1647 974 1771 1053 ίχουσιν·

166 1057 202 1115 τά
221 1055 466 1127 τῆςἈσίαςΣτενίι
489 1058 624 1118 καλοῦσιν.
669 1056 724 1117 Καί
736 1056 821 1135 τούτῳ
841 1055 888 1133 μίν
907 1058 946 1137 τῷ
992 1058 1041 1134 οὐχ
1061 1060 1128 1125 ὁμοῦ
1155 1057 1183 1117 δέ
1203 1061 1238 1124 ὡς
1253 1057 1388 1136 ὁμώνυμοι
1411 1059 1482 1126 ὄντες
1503 1068 1686 1132 κατοικοῦσιν,
1702 1060 1772 1119 άλλίι

164 1142 274 1222 ’ίσσικῷ
287 1146 378 1219 κόλπῳ
391 1146 494 1203 πολλῶν
508 1147 635 1220 ποταμῶν
650 1142 785 1225 πόρρωθεν
797 1143 946 1223 ίρχομένων
991 1144 1191 1221 κεχωρισμένως
1213 1146 1237 1203 σί
1259 1146 1306 1222 μίν
1326 1148 1402 1224 ἐντῇ
1425 1148 1542 1227 ἠπείρῳ,
1561 1150 1585 1206 οί
1598 1155 1642 1206 νῦν
1661 1147 1772 1224 Ἀραὸες
1891 1195 1895 1203 .

162 1230 196 1290 τδ
210 1229 280 1309 ὑδωρ
294 1229 515 1308 ίπιμίσγεταιτοῦ
530 1254 558 1289 τε
569 1230 698 1310 Πυράμου
710 1230 755 1290 καί
765 1234 810 1289 τοῦ
828 1230 945 1309 Πινάρου
991 1232 1164 1307 καλούμενοι,
1190 1232 1264 1291 αὐτοὶ
1286 1232 1338 1310 γδιρ
1362 1235 1407 1293 καί
1430 1232 1523 1312 Σύριοι
1540 1232 1677 1310 λέγονται·
1700 1238 1723 1293 οί
1743 1236 1771 1292 δέ

162 1315 267 1377 ααίτοῦ
284 1319 388 1378 Κύδνου
407 1323 452 1377 τοῦ
467 1319 589 1389 σκολιοῦ,
610 1322 656 1377 τοῦ
680 1316 763 1395 μέσην
778 1316 827 1389 ι-λν
838 1317 945 1396 Ταρσὸν
991 1319 1102 1390 πλησίον
1119 1324 1165 1391 τῆς
1176 1320 1326 1393 θαλάσσης,
1342 1322 1366 1379 σί
1389 1321 1435 1379 καί
1456 1320 1579 1389 Φοίνικες
1595 1320 1769 1399 καλούμενοι,

161 1406 213 1479 τὴν
240 1406 328 1471 καλῶς
355 1404 561 1481 κατοικουμένην
580 1404 657 1463 πόλιν
680 1406 855 1485 διαρρέοντος·
880 1404 945 1463 ὅπου
991 1405 1016 1473 ἐξ
1032 1406 1132 1476 ἐκείνης
1150 1410 1197 1477 τῆς
1216 1416 1304 1484 γενεᾶς
1316 1411 1368 1466 τῶν
1387 1409 1502 1487 ἀνδρῶν,
1517 1406 1608 1475 οίτινες
1621 1408 1771 1487 Ἐρυθραῖοι

163 1491 229 1551 ποσί
249 1490 404 1571 ὑΠιίγασος
419 1492 500 1559 ίππος
518 1490 564 1550 τόν
585 1491 682 1571 ταρσδν
704 1498 749 1551 τοῦ
772 1491 850 1558 ποδός
866 1496 944 1551 αὑτοῦ
990 1493 1157 1571 γεγένηνται,
1173 1493 1253 1571 ἤγουν
1277 1495 1392 1572 μέτοικοι
1417 1498 1468 1554 τῶν
1489 1494 1665 1574 Ἐρυθραίων,
1679 1494 1771 1563 οίτινες

162 1578 239 1657 ἄρείς
254 1581 293 1658 τῷ
306 1579 380 1657 τόπῳ
393 1578 484 1659 έκείνῳ
498 1576 613 1655 τούνομα
629 1578 814 1655 ίγκατέλιπεν,
833 1577 945 1649 ὁπηνίκα
990 1581 1035 1639 καί
1049 1584 1107 1647 ταῖς
1124 1580 1215 1639 ναυσίν
1232 1582 1378 1662 ἀπόπειραν
1391 1582 1547 1653 ἐποιήσαντο
1563 1588 1609 1654 τῆς
1625 1584 1770 1653 θαλάσσης·

161 1663 264 1745 ὑίίρως
279 1665 487 1745 Βελλεροφόντης
499 1668 524 1731 ές
535 1665 579 1723 τδν
589 1664 698 1745 οὐρανὸν
708 1665 880 1744 πορευόμενος
892 1688 944 1724 κα·
989 1662 1087 1745 πρῶτὀι
1099 1666 1150 1746 γδιρ
1160 1672 1207 1739 τῆς
1219 1670 1361 1735 θαλασσίας
1374 1669 1419 1729 καί
1429 1672 1585 1747 στρέμματα
1598 1668 1683 1729 πολλά
1695 1672 1770 1747 ίχσύν

160 1751 292 1829 τενεχθελς
304 1752 422 1829 κατεάγη
434 1756 480 1811 τοῦ
492 1751 577 1810 ίππου
592 1774 640 1811 πτε
688 1753 842 1832 ρυιίσαντος.
871 1752 947 1812 Ἐκεῖ
989 1776 1037 1825 σης
1051 1756 1178 1834 ἐμπορίας
1194 1754 1284 1832 μνείαν
1297 1756 1469 1829 ἐποιήσαντο,
1483 1756 1529 1815 καί
1544 1755 1591 1827 τὴν
1602 1758 1706 1837 ὑψηλὴν
1720 1780 1770 1816 πο·

161 1836 192 1897 δί
206 1838 263 1897 ἔστι
275 1838 322 1897 καί
334 1840 365 1897 τῦ
375 1837 477 1911 Ἀλήϊον
488 1838 594 1911 πεδίον,
608 1774 758 1918 έρίόὺτινος
771 1838 859 1900 πεδίου
874 1843 945 1898 άπο-
990 1840 1061 1920 ρείαν
1075 1844 1127 1901 τῶν
1142 1844 1266 1902 ἀπλανῶν
1283 1836 1403 1924 ἀστέρων
1417 1846 1442 1901 έν
1456 1846 1494 1923 τῷ
1514 1846 1617 1924 οὐρανῷ
1630 1844 1771 1917 διανοησά-
1856 1856 1861 1863 ’

161 1932 207 1985 θεν
218 1925 264 1985 καί
277 1925 359 2006 χωρίς
370 1930 422 1985 τῶν
438 1926 581 2004 ἀνθρώπων
592 1926 762 2004 πλανώμενος
774 1928 892 2003 διῃτᾶτο.
989 1950 1062 2005 μενοι
1072 1930 1231 2007 ίσκέψαντο·
1244 1929 1335 1997 οἵτινες
1344 1930 1434 2001 Ἰόπην
1444 1929 1489 1988 καί
1502 1930 1592 1998 Γάζαν
1601 1929 1646 1988 καί
1657 1928 1770 1990 Ἐλαίθα

202 2032 314 2073 nmo.
327 2013 431 2073 Πολλαλ
448 2014 476 2071 δέ
495 2015 546 2070 τῶν
563 2012 679 2073 Κιλίκων
695 2013 786 2093 έρεξῆς
798 2013 944 2092 ὑπάρχωσι
988 2024 1156 2091 κατοικοῦσι,
1172 2020 1218 2077 καί
1230 2020 1277 2089 τὴν
1290 2019 1404 2101 ἀρχαίαν
1411 2018 1513 2098 Τύρον,
1524 2018 1570 2076 καί
1579 2017 1626 2089 τὴν
1636 2018 1770 2099 ίρατεινὴν

109 2108 114 2113 ’
160 2099 253 2170 πόλεις
262 2143 272 2173 ,
286 2099 346 2172 ἣτε
362 2098 514 2179 Δυρνησσδς
525 2100 570 2157 καί
591 2102 609 2170 ἡ
624 2101 733 2167 Μαλλὸς
744 2099 789 2159 καί
805 2100 944 2180 ἡἈγχιά-
988 2102 1005 2175 ἢ
1021 2106 1104 2175 καλὴν
1120 2110 1170 2185 γῆν
1184 2110 1231 2177 τῆς
1245 2110 1383 2187 Βηρυτοῦ,
1397 2107 1442 2165 καὶ
1465 2106 1568 2166 Βύθλον
1588 2104 1636 2175 τὴν
1659 2107 1770 2177 πλησίω

160 2190 226 2246 λεια
236 2186 319 2246 καλοί
340 2186 438 2263 Σόλοι,
453 2189 480 2245 εί
502 2185 550 2262 μίν
570 2186 639 2245 κατὰ
653 2186 684 2244 τθ
705 2187 857 2264 μεσόγειον,
873 2188 943 2245 αἱδί
990 2198 1035 2265 τῆς
1049 2194 1199 2265 θαλάσσης,
1217 2193 1262 2252 καί
1275 2194 1323 2263 τὴν
1339 2196 1444 2254 Σιδῶνα
1460 2194 1523 2265 ἄνθη
1537 2194 1623 2252 πολλὰ
1635 2192 1768 2273 ἔχουσαν,

159 2274 275 2348 πλησίον
289 2277 369 2346 αὐτῆς
390 2280 437 2347 τῆς
455 2273 596 2345 θαλάσσης.
639 2274 706 2335 Ἐπί
725 2275 823 2346 ταύτης
846 2276 873 2335 δέ
895 2280 944 2347 τῆς
988 2283 1192 2355 κατοικουμένην
1203 2282 1246 2339 ἐπί
1258 2292 1311 2349 τοῖς
1322 2282 1398 2341 ὑδασι
1406 2288 1453 2341 τοῦ
1462 2284 1595 2361 χαρίεντος
1607 2284 1768 2360 Βοστρηνσῦ,

162 2360 286 2429 Κιλικίας
299 2362 404 2421 είσλκαλ
418 2365 441 2421 οί
458 2362 647 2440 Κομμαγηνοί,
662 2362 714 2421 ἀπὸ
726 2363 841 2439 Κάμμας
852 2362 944 2443 χώρας
988 2369 1033 2426 καί
1050 2368 1097 2437 τὴν
1111 2369 1244 2427 πλουσίαν
1262 2371 1308 2428 καί
1328 2370 1469 2447 εὐδαίμονα
1493 2369 1636 2447 Τρίπολιν,
1655 2370 1700 2427 καί
1722 2370 1769 2439 την

161 2442 247 2511 οὕτως
259 2449 412 2527 λεγόμενοι,
428 2450 473 2508 καὶ
485 2452 513 2508 αί
526 2452 573 2520 τῆς
589 2449 687 2528 Συρίας
707 2450 877 2527 ἐκτεταμέναι
898 2450 944 2508 καί
988 2454 1156 2533 Ὀρθωσίδα,
1172 2456 1218 2513 καί
1238 2454 1285 2527 τὴν
1301 2456 1444 2534 Μάραθον,
1467 2457 1511 2515 καὶ
1526 2457 1574 2527 τὴν
1594 2456 1766 2526 Λαοδίκειαν,

161 2536 321 2617 περιμήκεες
339 2537 428 2603 πόλεις
452 2537 495 2595 ίπλ
519 2541 566 2608 τῆς
588 2541 718 2615 στρεπτῆς
739 2537 884 2616 παραλίας·
899 2537 943 2595 καί
987 2542 1044 2612 ἥτις
1057 2542 1100 2601 ἐπὶ
1118 2543 1173 2609 τοῖς
1195 2545 1323 2621 αἰγιαλοῖς
1334 2548 1382 2615 τῆς
1404 2545 1538 2617 θαλάσσης
1560 2544 1660 2613 κεῖται,
1676 2543 1720 2601 καί
1734 2542 1768 2600 τά

158 2624 213 2701 γάρ
228 2623 272 2683 bd
287 2622 336 2695 τὴν
352 2623 426 2684 δύσιν
443 2623 581 2704 στρέρεται
592 2628 607 2682 ὑ
620 2625 713 2700 θλκὺς,
729 2624 816 2695 ἤτοιή
837 2624 941 2706 περιρέ
988 2630 1120 2699 Ποσιδήΐα
1141 2630 1221 2709 έργα,
1243 2631 1301 2688 ἀντὶ
1321 2636 1367 2689 τοῦ
1382 2630 1430 2701 τὴν
1450 2631 1585 2691 Ποσείδιον
1611 2628 1686 2689 πόλιν
1700 2628 1769 2687 οὕτω

162 2734 222 2789 ριια
238 2711 284 2770 καί
299 2716 313 2769 ὑ
327 2712 436 2779 κύκλος,
457 2716 505 2783 τῆς
518 2714 613 2782 λευκῆς
627 2713 777 2788 θαλάσσης,
800 2710 879 2789 μέχρι
898 2718 944 2772 τοῦ
987 2715 1166 2792 καλουμένην,
1181 2716 1227 2773 καί
1244 2717 1278 2773 τά
1305 2716 1382 2795 ίιρδ,
1399 2716 1518 2778 τουτέστι
1533 2714 1652 2790 μεγάλα,
1675 2713 1767 2789 τέμπη

159 2800 265 2877 ὑψηλοῦ
278 2798 324 2857 καί
339 2798 556 2878 παραθαλασσίου
567 2798 613 2857 καί
624 2798 818 2879 βαθυκρήμνου,
829 2797 887 2869 ἤτοι
898 2803 943 2857 τοῦ
987 2810 1034 2875 τῆς
1047 2804 1155 2883 Δάρνης
1166 2849 1175 2882 ,
1188 2804 1253 2863 ὅπου
1265 2804 1310 2863 καλ
1323 2805 1467 2882 ἐπωνύμως
1480 2806 1519 2885 τῷ
1530 2802 1655 2882 Ἀντιόχῳ
1672 2801 1769 2859 Ἀντιό-

160 2884 299 2965 συμριίτου
318 2885 365 2944 καί
378 2884 486 2954 δασέος,
502 2886 606 2945 Κασίου
619 2885 704 2964 ὄρους.
987 2914 1047 2972 χεια
1067 2891 1182 2971 λέγεται.
1257 2946 1260 2951 .

201 2991 305 3034 εει-εει.
324 2975 377 3034 Τὸν
392 2973 420 3033 δί
432 2974 522 3032 λοιπὸν
537 2973 617 3052 πόρον
628 2977 679 3032 τῶν
699 2977 781 3052 γαιῶν
795 2976 841 3043 τῆς
855 2972 943 3042 Ἀσίας
1027 2999 1127 3038 ειεοιι.
1141 2979 1221 3051 ,Μέση
1238 2979 1266 3038 δέ
1286 2983 1338 3039 τῶν
1359 2979 1503 3057 είρημένων
1519 2979 1564 3038 δύο
1582 2978 1698 3051 πολεων,
1723 2980 1768 3036 τοῦ

161 3060 260 3140 ρρδίως
273 3083 314 3119 σοι
331 3061 377 3118 καί
389 3062 500 3128 εὐκόλως
514 3059 694 3139 προσείποιμι.
738 3053 823 3126 Οὑτος
835 3060 864 3119 δέ
876 3065 944 3118 σοιὺ
987 3087 1015 3122 τε
1030 3063 1168 3123 Ποσειδίσυ
1184 3065 1495 3146 καίΔόρνης,ὑπάρχει
1511 3064 1767 3138 ἡἈπάμειαπολις.

160 3147 240 3224 λόγος
253 3150 279 3207 ίν
297 3155 355 3213 ταῖς
371 3148 461 3228 ρρεσὶν
479 3149 635 3226 ὑπαρχέτω,
651 3147 697 3206 καὶ
710 3152 728 3219 ἡ
742 3148 820 3228 χάρις
833 3151 884 3204 τῶν
896 3169 943 3206 πο·
988 3152 1060 3230 Πρὸς
1073 3151 1100 3209 δέ
1113 3151 1163 3223 τὴν
1177 3151 1307 3224 ἀνατολὴν
1326 3157 1373 3224 τῆς
1395 3152 1540 3224 Ἀπαμείας
1569 3151 1648 3218 πολὺς
1666 3150 1770 3228 ὑῦγρὺς

157 3235 293 3305 νηθέιτιυν
304 3234 403 3294 τούτων
420 3234 518 3314 ἔργων,
531 3234 640 3312 ἤγουνὴ
655 3237 707 3292 τῶν
716 3235 874 3309 ποιημάτων
887 3233 945 3294 τού-
988 3239 1111 3318 Ὀρόντης
1125 3238 1318 3318 κατασύρεται,
1330 3239 1377 3312 τήν
1388 3264 1418 3299 τε
1428 3240 1562 3319 Ἀντιόχου
1575 3244 1640 3320 γῆν,
1650 3237 1709 3311 ἤτοι
1720 3238 1769 3309 πλε

157 3345 215 3379 των
228 3321 361 3402 ῶρέλεια,
384 3321 421 3397 μὴ
437 3320 542 3402 ρέροιτο
553 3321 608 3388 τοῖς
623 3320 740 3398 ἀνέμοις·
755 3323 778 3379 εί
788 3323 840 3401 γάρ
854 3325 944 3400 σαρῶς
986 3325 1164 3405 Ἀντιόχειαν,
1187 3327 1273 3402 μέσην
1297 3329 1431 3408 διορίζων,
1455 3326 1645 3408 ἣπαραρρέων
1669 3326 1771 3400 μᾶλλον

158 3413 256 3468 τοῦτον
270 3408 314 3467 τὸν
329 3409 409 3489 πόρον
422 3412 471 3479 τῆς
490 3407 578 3475 Ἀσίας
600 3409 705 3480 συνίης,
719 3409 822 3486 ταχέως
843 3407 874 3466 δν
897 3410 943 3468 καί
987 3414 1032 3472 καλ
1046 3415 1075 3471 ού
1095 3415 1225 3492 διορίζων.
1266 3413 1374 3476 Ἀπασα
1389 3415 1445 3488 δίη
1460 3419 1511 3475 τῶν
1526 3419 1604 3496 τριῶν
1618 3414 1769 3492 Συριῶνγῆ

158 3497 251 3564 ἄλλοις
269 3499 356 3565 καλῶς
369 3497 414 3556 καί
437 3496 618 3572 ίπῑσταμένωε
633 3494 782 3576 ἆγῠρῑῦσοις
797 3496 842 3556 καί
861 3495 943 3565 λέξετε
986 3500 1099 3573 πλουσία
1113 3524 1142 3560 τε
1157 3503 1202 3560 καλ
1215 3501 1320 3570 εύάοτος
1336 3503 1465 3584 ὑπάρχει,
1480 3503 1527 3562 καί
1546 3501 1610 3582 πρδς
1623 3501 1653 3560 τό
1667 3501 1769 3578 τρέφειν

158 3584 225 3653 τούς
237 3609 267 3646 τε
278 3584 413 3664 ποταμούς
431 3585 477 3644 καί
492 3585 541 3658 τὴν
553 3584 622 3644 θέσιν
633 3589 685 3644 τῶν
699 3587 804 3646 πόλεων
817 3586 863 3644 καί
877 3585 944 3646 ίκά-
986 3589 1020 3647 τά
1032 3587 1152 3668 πρόθατα
1166 3589 1212 3646 καί
1231 3589 1276 3648 τὸν
1290 3590 1390 3668 καρπθν
1404 3591 1458 3657 τοῖς
1469 3591 1599 3667 δένδρεσιν
1611 3587 1707 3656 αὔξειν.

160 3695 230 3745 στην
241 3673 342 3753 χώραν.
1026 3695 1134 3736 ειι-ειε.
1146 3674 1253 3748 Ταύτης
1264 3677 1291 3735 δέ
1304 3681 1351 3748 τῆς
1367 3677 1483 3756 Συρίας,
1497 3680 1526 3736 οῦ
1539 3680 1586 3746 τῆς
1599 3673 1768 3753 Ἀντιοχείας,

202 3780 310 3824 εει-εει.
329 3759 424 3823 Ἔστω
434 3761 481 3838 μέν
493 3754 539 3822 σύν
552 3761 583 3821 τὸ
592 3761 681 3823 λοιπδν
692 3764 739 3834 τῆς
752 3760 839 3828 Ἀσίας
850 3763 943 3842 σχῆμα
987 3761 1030 3820 έπί
1044 3763 1074 3822 τὸ
1085 3761 1178 3846 πρόσω
1192 3769 1236 3822 τοῦ
1251 3764 1325 3822 νότου
1339 3764 1435 3824 ὑδεύων
1450 3764 1494 3824 τὸν
1505 3764 1643 3823 ίνδύτατεν
1655 3763 1734 3840 πόρον
1748 3760 1781 3832 ἢ,
1847 3805 1858 3826 .

156 3849 351 3931 τετράπλευρον
364 3852 410 3911 καί
428 3849 579 3923 ἰσοσκελές,
594 3857 768 3930 τοῐςμακροῐς
782 3848 827 3910 καί
845 3849 943 3925 έπιμή-
988 3848 1071 3928 μυχὸν
1088 3854 1132 3908 τοῦ
1148 3847 1271 3930 Ἀραύίοο
1286 3851 1384 3910 κόλπου
1403 3852 1499 3932 θεάσῃ,
1524 3850 1595 3918 ὅστις
1619 3847 1768 3924 ἀναμεταξὺ

159 3961 223 3999 κεοι
235 3937 333 4005 πεδίοις
345 3939 502 4014 ἡπλωμένον
516 3937 561 3996 καί
576 3939 747 4013 ίκτεταμένον
768 3937 833 4017 πρδς
847 3937 943 3996 άνατο-
986 3939 1033 4006 τῆς
1046 3936 1143 4014 Συρίας
1154 3937 1200 3995 καί
1214 3941 1261 4010 τῆς
1275 3937 1421 4020 έπεράστου
1431 3938 1477 3998 καί
1492 3940 1575 4009 καλῆς
1586 3935 1709 4016 Ἀραύίας
1722 3957 1769 3992 συ-

158 4027 225 4097 λήν,
267 4025 331 4086 Ἐπί
348 4025 402 4105 γάρ
413 4028 466 4092 τοῖς
483 4027 651 4105 προλεχθεῑσι
671 4025 733 4104 παρ’
747 4027 812 4100 ίμοῦ
829 4023 944 4090 εἰπόντος
988 4020 1145 4102 στρέρεται,
1159 4021 1247 4101 ὀλίγον
1261 4021 1278 4094 ἢ
1294 4025 1387 4105 μικρὸν
1406 4023 1471 4105 πρδς
1492 4024 1622 4095 ἀνατολὴν
1643 4023 1710 4102 ἄχρι
1717 4024 1768 4078 τῶν

159 4113 275 4180 ἀκούσας
295 4113 435 4172 ίπίστσσαι
455 4115 561 4192 Ταῦρον
577 4113 680 4193 τθὺρος
692 4121 781 4171 πᾶσαν
795 4110 956 4183 τλνἈσίσν
987 4109 1118 4172 ’Πλανῶκ
1159 4109 1275 4171 Ἐκεῖθεν
1290 4111 1317 4170 δέ
1335 4111 1387 4171 θπδ
1399 4115 1452 4170 τῶν
1462 4110 1582 4172 Ἐλανῶν
1596 4109 1660 4188 πρδς
1674 4111 1769 4166 εἰνατο-

160 4199 327 4280 διαχωρίζιιν
348 4196 366 4269 ἢ
391 4199 475 4274 μέσην
497 4199 645 4277 διατέμνειν
667 4199 746 4277 μέχρι
768 4203 821 4257 τῶν
841 4196 942 4260 Ἰνδῶν.
987 4197 1123 4268 λθςὴτῶν
1133 4197 1293 4274 εὐδαιμόνων
1307 4196 1454 4274 λεγομένων
1465 4195 1769 4278 Ἀράύωνγῦίπίιειιτει

160 4287 220 4347 Καὶ
233 4285 367 4364 τοῦτομίν
381 4286 411 4345 τδ
425 4286 481 4366 ὄρος
493 4290 520 4345 ίν
536 4289 575 4365 τῷ
588 4285 771 4365 τετραπλεύρῳ
794 4285 823 4346 τὸ
839 4285 943 4365 βορειό-
987 4283 1125 4344 καταπολὺ
1140 4285 1323 4365 διερχομένη,
1340 4288 1421 4365 διπλῇ
1446 4285 1566 4365 θαλάσση
1585 4282 1768 4363 κατεχομένη,

158 4395 237 4451 τερον
250 4371 334 4431 ίστω·
352 4376 367 4430 ὑ
384 4371 412 4431 δέ
429 4374 523 4439 Νεῖλος
536 4372 653 4449 ποταμός
669 4371 700 4430 τδ
713 4371 831 4449 έσπέριον
842 4370 861 4441 ἢ
872 4373 945 4430 δυτι·
986 4377 1020 4450 τῇ
1034 4395 1063 4430 τε
1077 4372 1189 4450 Περσίδι
1207 4372 1252 4432 καί
1264 4395 1296 4451 τη
1312 4371 1438 4452 Ἀραῦίρ,
1457 4372 1537 4450 ἤγουν
1551 4374 1589 4452 τῷ
1600 4395 1629 4430 τε
1645 4372 1770 4448 Περσικῷ

159 4457 277 4536 κότερον
287 4463 398 4536 πλεῦρον
410 4450 565 4538 ὑπαρχέτω·
578 4459 608 4516 τὸ
619 4458 647 4516 δὲ
663 4461 746 4537 ἑῷον,
759 4457 818 4529 ἤτοι
833 4458 864 4517 τθ
882 4461 944 4518 ἀνα·
987 4459 1033 4521 καλ
1053 4459 1186 4541 Ἀραῦικῷ
1219 4461 1322 4537 κολπῳ.
1367 4459 1487 4532 Ἐκάστη
1509 4457 1538 4518 δέ
1558 4461 1646 4518 αὐτῶν
1671 4455 1768 4532 ἄνεμον

158 4545 344 4624 τολικόιτερου,
369 4545 513 4612 ὑἸνδικὸς
538 4546 674 4612 ὠκεανός·
708 4545 738 4604 τό
760 4545 788 4604 δέ
810 4545 895 4606 νότιον
925 4551 942 4618 ἡ
988 4547 1101 4627 ίλαχεν,
1126 4549 1207 4625 ἠμέν
1230 4547 1340 4629 Ἀρσόία
1361 4547 1482 4606 θάλασσα
1507 4547 1551 4608 τδν
1571 4545 1694 4626 ζέφυρον,
1708 4547 1725 4614 ἡ
1740 4541 1768 4600 δέ

159 4631 279 4712 Ἐρυθρά
297 4632 421 4692 θάλασσα
434 4630 452 4706 ἢ
466 4633 497 4691 τὸ
510 4639 583 4709 κῦμα
594 4637 641 4703 τῆς
655 4632 784 4714 Ἐρυθράς
800 4634 943 4706 θαλάσσης.
990 4638 1087 4715 Περσίς
1100 4635 1148 4705 τδς
1157 4634 1261 4707 ὑδοὺςλ
1281 4635 1312 4696 τὸ
1322 4636 1408 4712 κλίμα
1417 4640 1463 4694 τοῦ
1477 4634 1562 4716 εὔρου.
1604 4632 1641 4693 Ἡ
1651 4631 1679 4692 ὑί
1688 4631 1768 4705 πέζα,

203 4738 309 4779 mm.
332 4719 561 4797 Διανοαίμινοςδί
586 4719 699 4780 σκέπτου
718 4721 777 4779 καθ’
799 4722 828 4782 δν
846 4721 943 4802 τρόπον
987 4721 1089 4794 ἤτοιτθ
1104 4722 1178 4788 τέλος
1194 4721 1240 4780 καί
1261 4726 1278 4792 ἡ
1301 4721 1376 4796 βάσις
1388 4723 1486 4793 αὑτῆς,
1501 4719 1642 4798 νοτιωτέρα
1660 4718 1704 4777 ίπί
1717 4717 1766 4788 τὴν

161 4807 224 4886 ἄρτι
237 4809 283 4866 καί
297 4807 342 4866 ἐπὶ
358 4807 404 4871 τίις
423 4807 552 4874 σἰνατολθς
566 4808 803 4886 παραγενήσομαι,
830 4809 884 4869 άπδ
896 4814 944 4881 τῆς
988 4809 1117 4879 ἀνατολὴν
1138 4808 1306 4888 τετραμμένη
1320 4809 1371 4868 ὑπδ
1391 4813 1442 4867 τῶν
1463 4807 1626 4888 Ἐρυθραίων
1641 4803 1767 4881 κυμάτων

161 4892 262 4972 Συρίας
276 4893 333 4952 ὅθεν
347 4892 490 4952 κατέλιπον
506 4893 665 4974 ἀρξάμενος,
678 4897 799 4971 οῦδαμῶς
808 4895 837 4956 δέ
846 4896 891 4974 μοί
905 4919 944 4964 τες
988 4899 1033 4954 τοῦ
1054 4895 1169 4953 ὠκεανοῦ
1190 4895 1329 4972 κλύζεται,
1347 4895 1478 4954 τουτέστιν
1495 4895 1546 4954 ὑπὸ
1570 4898 1617 4966 τῆς
1639 4891 1768 4971 Ἐρυθρᾶς
1808 4907 1812 4915 ’

160 4979 232 5060 ἀνὴρ
246 4982 366 5060 καθάπερ
381 4981 460 5058 λόγου
476 4981 630 5062 ψευσθέντας
642 4981 831 5062 έπιμίμψοιτο.
873 4982 942 5042 Ἀλλ’
987 4981 1128 5052 θαλάσσης.

160 5067 246 5142 ἡμὶν
269 5067 354 5145 Συρία
374 5067 473 5134 πολλίις
489 5069 578 5135 πόλεις
601 5068 698 5146 ἔχουσα
720 5069 764 5130 ἐπί
787 5067 835 5140 τὴν
855 5069 942 5127 νοτίαν
1025 5089 1134 5129 οεο-νιε.
1150 5069 1205 5130 Καί
1215 5069 1313 5140 ταύτης
1323 5067 1406 5140 δίτῆς
1417 5067 1541 5150 Ἀραάίας
1551 5065 1599 5138 τὴν
1609 5063 1764 5130 θέσινλέξω.

162 5151 295 5225 ἅνατολὴν
321 5153 375 5212 άπὸ
396 5158 443 5224 τῆς
467 5153 601 5225 θαλάσσης
623 5156 658 5221 είς
679 5153 787 5234 ἤπειρον
810 5153 894 5234 ίρπει,
908 5153 942 5226 ἣν
988 5155 1104 5236 Ἐξόχως
1117 5155 1168 5236 γάρ
1183 5156 1229 5215 καί
1242 5155 1308 5236 ὑπέρ
1324 5159 1418 5216 πασῶν
1440 5156 1609 5216 πολύπλουτα
1632 5153 1676 5212 καὶ
1696 5154 1767 5224 λαμ-

162 5238 212 5299 καί
233 5241 377 5317 ἐπωνύμως
401 5241 502 5311 Κοιλην
527 5240 646 5318 λέγουσι,
672 5240 737 5301 διότι
762 5245 786 5302 οί
805 5264 942 5321 προνενευ-
977 5243 1043 5323 ’πρά
1058 5249 1243 5305 κατοικοῦνται
1267 5245 1343 5320 ἔθνη,
1357 5242 1555 5324 θξαχύτατονδί
1577 5242 1621 5301 καὶ
1636 5240 1770 5318 ἐξαίρεται
