3884 5925
666 443 844 506 turtius
862 442 1022 506 cosroe!
1043 445 1213 506 thurcil.
1700 463 1737 514 tt

133 567 304 628 mmmm
318 572 643 629 lemirtrusimilirudine
660 573 746 630 noti.
784 573 924 629 Suilittus
969 574 1015 644 qui
1027 573 1070 628 hic
1079 574 1220 644 solivagam
1234 576 1313 630 vitam
1329 579 1440 647 egerint.
1455 579 1514 632 lam
1529 595 1619 634 res-or
1637 580 1748 634 meridie

134 657 180 710 illi
202 659 356 715 ωιιιὶιιιιιιιιι
377 670 417 712 est
435 657 521 712 iscula
539 657 615 711 ridde
633 658 730 724 iretis,
746 661 830 729 juxta
847 677 924 730 qnam
969 649 1120 713 cestaciuni
1138 661 1226 714 sinum
1245 662 1326 730 cingit
1342 665 1555 734 promontorium
1575 663 1631 718 duo
1649 682 1748 720 cornua

134 743 224 798 maris
237 743 336 796 melum
355 743 515 799 adicerem
529 742 651 796 cautibus
663 743 712 796 suh
725 761 794 814 eque
807 742 920 814 jacenti·
969 761 1023 815 pre
1037 762 1189 814 segerens:
1205 745 1315 802 alterum
1337 749 1424 804 sinum
1436 751 1584 806 crstecium
1607 749 1746 817 claudens,

133 833 373 903 hneioEeropom
383 830 479 884 avertit
484 829 600 902 piscium
609 847 722 894 cursum,
733 831 808 901 cujus
817 842 923 902 respectu
969 830 1042 902 quod
1067 843 1161 886 vocant
1179 835 1303 902 Magnum
1323 835 1425 897 Gleril,
1447 836 1572 908 quodque
1591 836 1668 890 celeri
1686 853 1748 891 acu·

132 917 263 972 exterriti
278 916 381 986 fretum
407 927 541 970 transeunt
564 914 675 968 serrendo
700 915 810 988 Bospori
833 917 923 984 fluxu.
970 927 1051 987 toque
1074 917 1148 971 iluru
1168 918 1359 984 circumsonat5
1385 919 1495 974 alterum
1520 940 1605 976 cornu
1622 921 1748 977 dandene

134 1003 308 1059 Chalcedonii
329 1003 413 1076 ipsam
434 1003 547 1056 insulem
565 1002 700 1074 appellant
723 994 843 1066 hiddo,
861 1015 924 1074 opto
969 1003 1073 1066 sinum,
1100 1019 1179 1072 quem
1203 995 1300 1056 [Iliso
1318 1006 1403 1058 Graeci
1423 1007 1572 1078 appellant,
1589 1010 1749 1063 circumfluit

132 1089 284 1144 nominee!
293 1088 403 1162 proprio
421 1087 584 1160 experientia
598 1087 635 1140 rei
648 1105 705 1159 quie
722 1087 837 1142 occidere
850 1087 923 1142 solet.
969 1089 1101 1158 Bosporus
1125 1086 1217 1157 rapido
1240 1106 1319 1142 cursu
1332 1101 1359 1142 et
1372 1091 1450 1144 simih
1475 1083 1584 1163 prioris,
1613 1092 1686 1164 quod
1702 1093 1744 1146 di·

132 1175 208 1229 Inde
221 1187 261 1229 ert
271 1175 530 1247 Potumorrion‚·post
540 1174 712 1229 Potamonion
724 1175 839 1228 rrrecedit
850 1179 924 1229 Ναιι-
969 1183 1034 1226 cunt
1061 1174 1173 1224 Parvum
1202 1173 1283 1226 cleri.
1333 1173 1403 1228 Vide
1424 1173 1522 1230 horurn
1551 1178 1686 1242 alterurn,
1712 1197 1747 1232 ιιιι

130 1253 237 1326 siclin,
258 1262 333 1336 raptui
351 1281 429 1334 quant
443 1262 535 1316 dieunt
558 1262 737 1316 Chalcedonios
757 1262 822 1316 bello
837 1262 925 1315 nartali
969 1249 1357 1329 sit’0iippsuv‚attemmvero
1366 1253 1544 1333 llspippoov5.
1558 1263 1675 1317 lllcdium
1689 1282 1749 1334 pro·

130 1367 280 1420 superasse
303 1347 466 1405 adversarios
495 1359 586 1400 contra
614 1365 641 1402 se
671 1348 838 1416 nceigorrrrs,·
867 1347 926 1401 inde
969 1347 1141 1408 montorium,
1153 1347 1272 1400 dividens
1281 1348 1522 1403 cestariumasinu
1531 1350 1645 1416 Plaeino‚
1660 1353 1748 1404 incur·

133 1427 253 1489 Eclaoea,
267 1423 403 1496 περίρρουν
409 1426 631 1498 promontorium,
646 1437 671 1478 et
684 1426 757 1480 sinus
777 1427 925 1498 appellatus
972 1443 1049 1486 votur
1059 1432 1087 1484 in
1098 1431 1154 1485 duo
1164 1449 1272 1496 cornua,
1285 1431 1424 1504 prrvrrlum
1436 1433 1689 1496 εἰηιιιιιιιάωἰιιωε,
1703 1453 1746 1488 en·

132 1511 287 1582 Lycadium
300 1511 369 1564 saris
378 1509 543 1582 profundus,
561 1510 630 1564 illud
642 1511 744 1582 quidem
764 1530 781 1562 (ι
795 1511 853 1564 viro
868 1515 924 1564 Me·
969 1536 1017 1589 pro
1036 1535 1115 1587 quem
1138 1515 1272 1588 impendet
1292 1535 1422 1572 oonmvus
1444 1518 1517 1572 locus
1541 1520 1631 1573 similis
1653 1537 1749 1588 magno

130 1597 260 1664 gerensi,
273 1596 415 1668 Lycadium
428 1595 482 1650 sice
495 1597 657 1666 celadion-c
671 1597 783 1668 quodam
794 1597 923 1664 indigum.
968 1605 1080 1658 murro.
1094 1605 1158 1658 Post
1176 1605 1386 1674 promontorium
1407 1607 1481 1675 perri
1496 1605 1569 1660 Glari
1583 1608 1669 1660 statim
1685 1607 1748 1659 suh·

175 1685 337 1754 Catangium
348 1682 542 1736 videturisesse
555 1685 636 1747 sinus,
650 1702 728 1755 quem
742 1685 820 1738 hodie
832 1695 925 1738 vocant
968 1689 1086 1762 sequitur
1094 1689 1168 1741 sinus
1176 1687 1326 1752 mediocris,
1335 1690 1748 1762 qrsemGraeciappcllantlliciee

133 1768 302 1832 Castacium,
313 1787 367 1822 non
378 1768 458 1822 modo
472 1770 585 1821 nominis
598 1768 776 1831 similitudine,
790 1769 923 1822 sedetiam
968 1800 985 1835 ι
997 1779 1129 1852 qum,
1142 1789 1172 1833 or
1183 1781 1233 1851 {poi
1244 1782 1334 1847 otone,
1348 1799 1438 1836 moos.
1452 1800 1609 1837 marmora,
1624 1785 1704 1838 Hono
1715 1787 1747 1837 oi.

135 1872 204 1908 vcra
218 1856 341 1926 Dionysii
355 1853 537 1924 descriptione.
553 1857 673 1908 Piscosus
683 1858 781 1908 enimsi
791 1858 849 1928 quis
860 1857 925 1910 alius
969 1885 1034 1922 „om
1048 1865 1184 1920 ,moridie
1197 1866 1296 1921 doodit
1305 1871 1533 1939 promontorium,
1547 1869 1666 1940 cojoood
1676 1871 1747 1924 rodi.

135 1939 239 1992 littoris
255 1942 371 1994 Asiatici.
386 1942 487 1994 Verum
506 1951 535 1992 ut
552 1939 608 2010 ejus
623 1941 689 1992 situs
705 1951 731 1992 et
745 1941 925 2010 consequentis
968 1971 1026 2006 ooo
1048 1951 1104 2006 (loo
1121 1969 1184 2006 oon
1197 1969 1277 2024 oopm
1294 1969 1391 2023 oqom
1405 1955 1537 2019 ominem,
1556 1953 1661 2011 oodooo
1683 1959 1748 2010 mari

133 2022 237 2078 littoris
247 2025 415 2093 intelligatur,
430 2026 495 2078 scito
504 2025 590 2078 sinum
598 2023 739 2078 Soltaniaee
750 2026 925 2096 septentrione
968 2037 1236 2109 mommolo„
1248 2041 1504 2094 comiooooofioofo
1517 2042 1705 2096 goiofioooouo
1715 2045 1749 2096 ,fio

132 2109 239 2170 habu-e
259 2113 326 2180 regis
344 2111 450 2180 hortos,
471 2129 485 2163 a
506 2111 615 2163 meridie
635 2113 721 2164 vicum
744 2110 889 2166 habitatum
909 2130 924 2166 e
968 2123 1052 2178 imola
1061 2141 1146 2193 ooquo
1158 2123 1280 2194 “opirius
1294 2125 1364 2178 iocor
1375 2127 1476 2179 Fmom
1486 2128 1559 2179 Jovio
1570 2139 1598 2180 or
1608 2127 1748 2181 ffioloodo

131 2199 250 2262 rumis,
267 2208 448 2268 nuncupatum
468 2199 542 2268 syna
563 2209 584 2251 ¹·
605 2201 667 2252 rost
688 2201 774 2254 vicum
791 2201 818 2252 iu
839 2200 925 2254 littore
968 2227 1122 2280 nmquam
1140 2209 1441 2264 trecentesimum
1457 2213 1640 2283 pronomem
1654 2215 1749 2268 nama-

130 2293 177 2336 est
192 2283 280 2347 loous‚
290 2301 369 2354 quem
381 2285 522 2354 piscatores
536 2293 629 2338 vocent
641 2286 734 2340 liciace
747 2305 761 2338 a
767 2285 840 2356 jactu
850 2289 922 2340 retis.
967 2295 1042 2348 fleo:
1063 2305 1110 2348 out
1126 2294 1223 2348 horum
1243 2294 1354 2348 alterum
1372 2306 1476 2366 oportet
1495 2314 1551 2350 esse
1568 2295 1652 2363 illem,
1668 2315 1748 2368 quem

130 2369 189 2421 Hic
201 2371 278 2422 sinus
286 2368 340 2439 jem
348 2369 503 2431 Solunicus,
514 2371 588 2440 prius
596 2370 760 2441 cyclaminus
772 2373 922 2442 appellatus,
968 2383 1109 2452 Dionysiae
1121 2392 1327 2446 commemorat,
1344 2393 1390 2438 sut
1412 2401 1467 2436 non
1487 2395 1584 2438 exure.
1605 2387 1664 2439 er
1683 2403 1746 2438 vero

130 2452 224 2522 longo
246 2454 358 2506 circuitu
375 2453 469 2506 leniter
488 2454 557 2507 llero
577 2453 721 2525 quadratur
752 2459 780 2508 in
798 2457 923 2526 ungulum
967 2467 1105 2539 ooopolon
1124 2467 1240 2538 pooirom
1253 2467 1304 2521 ooo
1314 2467 1447 2523 notabo,
1460 2470 1635 2541 promooroffi
1651 2473 1747 2524 Domo.

130 2540 305 2604 normalem
328 2542 445 2612 piscosus
468 2539 594 2606 hebetur;
616 2559 633 2594 a
658 2543 768 2596 meridie
793 2543 924 2597 clauditur
966 2554 1011 2608 not
1025 2572 1081 2608 ooo
1097 2571 1155 2608 ω
1167 2556 1282 2609 {molon
1294 2555 1416 2609 auditam
1428 2575 1445 2609 ι
1459 2558 1602 2628 Dionysio,
1617 2557 1701 2629 liqmr
1715 2575 1748 2610 ox

130 2631 327 2701 promontorio
349 2630 484 2682 nominato
505 2627 637 2696 studim,
668 2629 702 2686 rh
722 2633 814 2686 ostreis
838 2633 923 2703 potius
966 2640 1009 2694 oio
1020 2657 1080 2710 (με
1094 2621 1195 2693 etaiam
1209 2638 1277 2694 dixit
1295 2641 1437 2711 Dionysius
1448 2654 1476 2694 er
1494 2661 1527 2695 ex
1542 2644 1574 2694 iis
1587 2659 1646 2712 quae
1658 2653 1747 2713 postea

129 2715 270 2781 arbitror,
296 2732 361 2786 ques
384 2716 477 2784 vulgus
498 2716 651 2770 Graecorum
675 2717 786 2788 appellat
809 2719 919 2782 cridia,
966 2723 1046 2778 dicet.
1058 2722 1138 2792 Quod
1152 2727 1173 2778 si
1183 2723 1311 2794 juxtailla
1322 2725 1642 2798 dunsexasuprasquam
1654 2737 1744 2782 extan-

128 2819 224 2872 φησι
240 2822 258 2858 ι
274 2801 406 2868 stridore,
418 2821 481 2856 narn
496 2803 532 2856 ibi
549 2803 636 2856 fluxus
654 2821 709 2858 non
723 2805 825 2862 stridet.
864 2808 923 2862 lloc
967 2811 1003 2862 tia
1016 2812 1051 2865 sit
1065 2810 1144 2862 maris
1158 2808 1253 2864 vedum
1264 2809 1429 2864 enlhescens
1440 2811 1577 2876 centibus,
1590 2812 1687 2882 quihus
1696 2811 1747 2865 suh

130 2889 356 2958 promontorium
365 2887 530 2958 nhaquilnne
541 2887 749 2942 includitsinum
758 2891 922 2956 cintreium,
966 2914 1035 2968 equa
1060 2896 1206 2969 jacentibus
1233 2898 1375 2969 Dionysius
1395 2899 1487 2952 scribit
1508 2902 1590 2971 pisces
1614 2901 1696 2952 averti
1720 2901 1747 2952 in

130 2974 221 3029 valde
229 2976 370 3046 piscosum,
382 2976 526 3031 habitatum
535 2976 737 3048 apiscatorihus.
750 2979 782 3031 In
794 2978 865 3033 hunc
878 2996 923 3050 pe-
966 2984 1100 3054 Europam
1110 2980 1296 3053 ,proiectohic
1308 2985 1363 3037 sire
1372 2984 1496 3056 scopulus
1505 2987 1561 3039 sive
1571 2986 1655 3039 insula
1665 2985 1749 3060 major

130 3064 235 3119 renuis
245 3065 372 3133 rirmper
383 3062 474 3117 vallem
486 3062 625 3129 delebitur,
636 3065 662 3117 in
679 3064 792 3133 queime
807 3074 833 3117 et
848 3065 924 3135 plana
966 3085 1022 3120 esse
1035 3064 1145 3129 debuit,
1166 3064 1364 3137 adjacentesque
1386 3078 1475 3121 centes
1491 3079 1579 3121 erutas
1594 3068 1672 3121 luisse
1685 3086 1749 3124 con·

10 3186 17 3203 .
129 3151 212 3219 regis
224 3150 294 3203 horti
307 3150 377 3203 silvis
397 3152 561 3203 urentes.1n
579 3150 653 3205 sinus
666 3160 740 3220 parte
760 3162 877 3205 extrema
890 3152 923 3205 ad
968 3156 1058 3211 veuit:
1073 3165 1119 3207 aut
1129 3155 1151 3207 si
1162 3153 1223 3207 elihi
1234 3155 1318 3208 insule
1327 3156 1446 3226 Dionysii
1455 3155 1517 3219 luit,
1531 3156 1649 3209 luriditns
1662 3174 1750 3211 eversa

132 3234 287 3290 meridiem
297 3236 443 3306 pertinente
458 3233 580 3289 videntur
593 3234 762 3289 fundamenta
776 3236 843 3289 illius
856 3240 923 3291 anti-
967 3251 1006 3293 est
1018 3259 1035 3293 a
1045 3238 1300 3293 chalcedonensibus
1314 3241 1383 3295 illam
1394 3240 1522 3312 sppellere
1535 3242 1616 3294 solitis
1630 3233 1747 3306 tilido.

128 3324 185 3392 qni
199 3322 290 3391 magni
302 3322 462 3384 monasterii,
472 3320 544 3391 qued
554 3320 730 3391 appellabatur
739 3314 936 3388 Ἀκοιμήτωνῑ»
967 3326 1062 3381 Strsho
1082 3326 1129 3397 (p.
1152 3327 1222 3394 iao)
1244 3327 1356 3379 insulem
1380 3346 1436 3381 esse
1458 3338 1539 3392 tacet,
1556 3328 1601 3381 sed
1621 3328 1749 3382 duntaxat

128 3428 148 3462 a
159 3409 308 3463 monachis
317 3426 451 3479 nunquam
468 3418 550 3463 noctu
562 3408 764 3463 donnientihus.
786 3409 872 3479 liujus
882 3428 923 3464 sn·
967 3422 1068 3483 petram
1077 3430 1132 3465 esse
1144 3411 1221 3465 dixit.
1238 3436 1249 3457 ·
1263 3412 1430 3483 Pelamydes,
1445 3414 1544 3483 inquit,
1564 3412 1749 3467 descendentes

129 3494 224 3549 triarii
241 3493 366 3549 domicilii
383 3492 575 3547 moderatorem
590 3503 617 3545 et
628 3494 831 3563 gubernatorem
846 3494 925 3549 tradit
967 3515 999 3549 ot
1013 3500 1113 3559 Ponto,
1133 3513 1195 3549 cum
1209 3498 1391 3568 praeterierunt
1410 3499 1541 3569 cyaneas,
1558 3517 1589 3550 er
1605 3498 1747 3553 chalcedo·

130 3579 226 3633 iuisse
237 3579 362 3649 cyrillum
376 3579 507 3648 Euagrius
519 3579 603 3633 insua
614 3578 769 3634 Christiane
786 3581 923 3633 concionis
968 3585 1044 3636 niecn
1061 3583 1148 3635 littore
1164 3592 1238 3653 petra
1256 3581 1375 3651 qmdam
1394 3582 1452 3636 alba
1468 3585 1530 3654 ipsis
1549 3584 1665 3653 objecta,
1684 3583 1750 3637 ndeo

129 3666 255 3721 historie
267 3664 315 3735 (5,
332 3664 581 3733 repromiserunt
598 3675 624 3719 et
633 3664 676 3719 alii
688 3664 804 3717 historici
813 3664 924 3717 ailonem
967 3676 1090 3731 exterret,
1101 3667 1226 3719 utstatim
1234 3667 1262 3718 in
1271 3668 1433 3721 contrarium
1443 3668 1515 3721 littus
1524 3680 1722 3725 convertantur.
1735 3695 1745 3715 ι

128 3751 337 3808 meschonis«
352 3751 397 3805 rel
408 3749 557 3805 eruditione
574 3750 614 3805 vet
635 3752 770 3805 sanctitate
785 3751 924 3805 illustrium
971 3752 1126 3820 Plinius(9‚
1141 3751 1193 3820 ιο)
1206 3768 1298 3803 sexum
1308 3750 1590 3809 duntaxatessedicit.
1605 3778 1616 3799 ·
1629 3758 1692 3817 Est,
1709 3757 1749 3807 in·

128 3977 196 4027 sive
210 3973 512 4045 dvdinhpnerant,sieut
523 3974 634 4044 Bospori
646 3972 736 4026 Phiala
747 3974 815 4028 clivo
822 3972 922 4044 adjace-
970 3980 1084 4036 Geir-sort
1101 3980 1156 4029 sive
1172 3996 1278 4048 proruam
1295 3978 1425 4032 coelestena
1440 3996 1545 4048 equam
1561 3978 1641 4049 Gyilii
1655 3987 1743 4039 etate,

131 4054 182 4107 hat
194 4055 228 4107 in
239 4054 333 4107 thestri
355 4052 464 4107 modum
479 4054 633 4123 assurgenti.
656 4054 696 4105 De
713 4052 799 4105 Phiala
814 4053 924 4106 Alexan·
970 4060 1004 4111 itii
1022 4057 1102 4127 anlo
1123 4058 1193 4108 ricus
1214 4057 1341 4112 exstabat.
1355 4087 1390 4099 -
1408 4058 1517 4119 Erice,
1537 4058 1600 4128 depe
1620 4058 1745 4128 περίρρους

130 4132 208 4185 dria
225 4132 283 4185 loco
297 4150 320 4185 ιι.
336 4133 480 4203 Procopius
503 4134 542 4183 De
556 4129 624 4183 aedtt.
640 4135 667 4194 6,
689 4147 700 4183 ι
722 4149 749 4201 ρ.
772 4132 833 4193 331,
877 4132 912 4185 erl
970 4137 1042 4201 (quic
1059 4136 1146 4187 nescio
1157 4152 1191 4185 an
1204 4136 1292 4203 potius
1306 4134 1395 4204 ἸΙχείιι
1406 4135 1477 4188 dicta
1490 4136 1540 4204 sit)
1553 4154 1623 4189 nunc
1634 4147 1673 4188 est
1682 4154 1744 4205 pro·

131 4210 284 4267 Bonum
304 4220 424 4263 nostrum
446 4211 532 4265 locum
556 4210 643 4263 nescio
658 4227 691 4261 an
705 4210 852 4279 pertineant
865 4227 923 4279 quse
969 4214 1130 4265 nrorrtorium
1139 4212 1277 4275 Kurdilli,
1288 4216 1339 4267 i.e.
1348 4214 1466 4266 lucernae
1477 4214 1583 4278 liabens,
1594 4214 1744 4284 λυχνοῦχος.

133 4289 294 4358 Stephanus
304 4306 331 4343 v.
344 4288 467 4359 Φιγάλεια
479 4286 556 4341 habet
572 4304 578 4339 :
593 4286 664 4339 Ἔστι
676 4288 716 4339 καὶ
728 4286 833 4339 uetera
853 4288 923 4341 Brhn·
968 4293 1084 4361 Sepuens
1092 4294 1166 4343 sinus
1175 4292 1292 4345 Λυιιάδιοι
1301 4295 1366 4361 (Λιιχ
1368 4294 1444 4345 victor
1450 4294 1472 4361 i)
1479 4292 1659 4363 potiusdictus
1667 4292 1745 4346 suerit

134 4368 207 4429 νίας.
229 4396 266 4407 -
286 4366 394 4422 mmsis
408 4366 620 4437 promontorium
639 4364 785 4417 secundum
806 4364 922 4435 Gylliunr
969 4386 1048 4437 quarn
1060 4368 1207 4423 Κυκλάδων.

132 4448 216 4499 iuter
236 4446 398 4499 Kandlidelre
411 4456 437 4498 et
451 4446 552 4499 Plecem
572 4446 658 4497 sinum
680 4444 733 4503 sive
752 4446 831 4497 istum
847 4446 924 4497 maris
1007 4464 1030 4503 ι,
1051 4446 1137 4515 Syrio]
1152 4446 1230 4499 hodie
1252 4446 1345 4499 eodem
1366 4465 1444 4499 sensu
1463 4465 1468 4499 z
1487 4446 1661 4508 [odric-lui,
1680 4448 1699 4501 i.
1717 4465 1740 4499 c.
1820 4475 1825 4486 ·

133 4542 276 4579 recessum
297 4524 341 4577 cui
360 4542 430 4577 nunc
453 4522 545 4592 li'orfes
567 4526 638 4577 vicus
657 4518 770 4592 adjacet,
787 4520 924 4593 ponendus
969 4522 1066 4575 ficuum
1086 4525 1167 4577 vicus.
1183 4526 1193 4593 1}
1208 4554 1243 4563 -
1255 4543 1280 4577 a.
1297 4524 1406 4591 Stridic]
1423 4524 1503 4577 hodie
1518 4524 1609 4577 Turcis
1622 4530 1744 4579 Bourorm

134 4615 201 4669 ιισιςΙ
217 4620 276 4655 narn
286 4604 311 4653 in
326 4603 385 4673 ipso
400 4598 451 4655 ho'c
467 4619 570 4657 recessu
582 4601 679 4655 Blahen
698 4599 811 4652 insulam
827 4597 881 4661 vel,
896 4610 924 4651 ut
971 4600 1093 4667 Bagrcic.
1107 4604 1118 4670 ΙΙ
1131 4632 1166 4642 -
1176 4602 1201 4654 3.
1217 4598 1380 4678 'Arcipiroq
1395 4603 1471 4657 Plura
1490 4602 1524 4654 de
1542 4602 1583 4655 his
1598 4602 1656 4657 vide
1672 4601 1744 4673 apud

134 4682 245 4736 Plinius
257 4682 310 4747 eit,
325 4692 455 4751 petrnme
469 4678 538 4733 vado
555 4678 593 4731 ed
609 4696 737 4731 srtnmmm
751 4676 924 4749 perlucentem
970 4682 1133 4749 Ducangiurn
1146 4682 1173 4733 in
1188 4684 1278 4736 const.
1289 4682 1387 4735 Christ.
1399 4681 1415 4734 l.
1427 4688 1454 4745 t,
1467 4700 1495 4752 p.
1509 4684 1566 4734 151.

88 4786 94 4791 ·
135 4760 246 4831 cyllins
259 4760 307 4811 sihi
318 4760 444 4829 reperisse
459 4756 570 4811 videtur.
586 4756 616 4810 ln
628 4754 818 4809 recentioribus
831 4754 924 4808 tabulis
1005 4762 1035 4821 4.,
1052 4756 1139 4829 Glari]
1148 4758 1385 4822 delaroave;num
1394 4760 1471 4829 λάρον
1480 4762 1636 4830 posteriores
1650 4759 1743 4831 γλάρον

135 4842 257 4893 nauticis
265 4840 335 4893 nulla
349 4840 385 4893 ihi
398 4838 483 4891 insula
498 4837 651 4907 scopulusve
662 4843 776 4889 notetur.
792 4862 828 4873 -
845 4837 924 4886 Pote-
969 4836 1100 4891 dicebant.
1136 4836 1261 4891 Similiter
1272 4838 1330 4891 Deli
1347 4838 1437 4891 insule
1455 4839 1664 4909 promontorium
1679 4840 1742 4891 Γλα·

135 4918 217 4971 reice
229 4917 340 4988 pertinet
350 4916 384 4971 ed
399 4916 555 4969 hodiernam
567 4915 649 4967 velle'e
662 4912 693 4965 de
703 4913 770 4971 l'erru
781 4912 859 4967 donce
872 4915 925 4965 sive
970 4917 1064 4986 petrosa
1077 4918 1163 4969 vocari
1183 4927 1272 4970 monet
1292 4916 1442 4972 Schneider.
1455 4918 1489 4971 ed
1500 4920 1609 4973 Aristot.
1623 4917 1685 4995 hist.
1697 4936 1741 4973 un.

133 4996 172 5049 ad
197 4997 294 5049 ostium
316 5000 421 5057 Arete,
443 4994 516 5047 fluvii
540 4994 566 5045 in
588 4994 700 5045 Asiatico
718 4992 827 5061 Bospori
847 4990 925 5043 latere
971 4994 1021 5053 vol,
1035 4996 1050 5047 3
1063 5014 1091 5066 p,
1103 4997 1164 5063 278.
1179 4994 1270 5063 ll-i.
1282 4995 1402 5048 Alterum
1413 5015 1474 5049 vero
1486 4998 1624 5068 περίρρουν]
1634 5002 1669 5051 Ar
1682 5016 1743 5067 pro·

135 5073 270 5135 maximi,
292 5075 338 5141 qui
358 5088 433 5127 nuuc
458 5081 566 5123 vocatur
588 5068 831 5139 Boujoul-Gol··scu
856 5070 876 5123 i.
898 5086 922 5119 e.
970 5073 1134 5125 montorium
1145 5070 1218 5141 qued
1235 5073 1376 5142 Dimrysius
1391 5077 1516 5146 repippoer
1532 5074 1609 5140 dicit,
1621 5075 1654 5127 ad
1673 5075 1744 5128 hunc

134 5170 237 5221 magne
245 5150 354 5205 celestis
365 5168 444 5219 aqua.
457 5180 493 5189 —
504 5148 653 5210 h'rrruiclire,
667 5146 831 5211 Neictelrm,
848 5146 925 5198 luerit
970 5160 1081 5215 tractum
1094 5150 1202 5203 minime
1214 5152 1334 5224 pertinet.

133 5236 170 5287 ad
188 5234 285 5284 ostium
301 5234 434 5301 sequentis
452 5230 524 5283 lluvii
557 5246 634 5301 quem
653 5228 745 5283 dicunt
761 5226 925 5281 licetreltoul·
