3884 5925
286 396 371 483 anu
630 434 635 445 ·
946 406 1237 474 rnoueeousus

285 533 362 599 tisve
383 552 401 599 c
421 533 513 599 codd.
530 534 601 599 det
618 536 660 613 (l,
675 536 730 619 qui
748 537 788 601 ad
811 537 895 601 edita
918 539 1061 621 proxime

285 620 1061 705 acceduntUtilitasejusperexiguaest.dliterres

284 709 318 771 in
343 710 471 775 scholiis
494 711 605 787 hahet,
621 730 755 793 quorum
779 732 850 792 pars
875 731 913 775 ex
934 713 1061 793 optimis

284 796 422 859 lontibus
449 796 612 861 eonducta.
630 800 745 861 Eorum
769 800 917 862 nonnulla
940 819 957 862 e
978 801 1062 862 codi-

283 882 373 947 cibus
409 884 557 947 Parisinis
584 892 709 965 accepta
746 888 846 949 edidit
877 888 1059 961 Hudsonus3

283 970 375 1051 longe
399 970 532 1051 plurima
546 991 564 1033 e
578 974 703 1035 schedis
725 975 924 1037 Bredovianis
940 975 1062 1037 edenda

281 1058 397 1121 curarit
411 1059 641 1145 Bernhardyus,
657 1063 771 1144 quihus
785 1082 862 1127 nora
877 1064 993 1145 passim
1004 1082 1060 1126 nos

280 1144 468 1207 addidimus.

319 1234 497 1296 Eustathius
520 1234 553 1297 in
575 1237 808 1299 commentariis
829 1235 909 1315 suis,
923 1254 1058 1318 quorum

279 1318 319 1381 de
339 1321 459 1384 ratione
482 1321 549 1401 ipse
573 1322 605 1383 iu
628 1323 790 1401 praemissa
812 1323 943 1402 epistola
965 1340 1058 1401 expo·

279 1406 340 1471 suit
362 1406 414 1488 (i),
436 1427 498 1471 non
513 1409 668 1489 acquievit
688 1410 720 1470 in
738 1410 904 1473 asserendis
925 1428 996 1491 quae
1019 1407 1058 1469 ad

277 1494 463 1573 penitiorem
478 1496 677 1573 Periegeseos
691 1495 928 1575 intelligentiam
953 1512 1058 1557 neees-

278 1579 357 1643 saria
372 1600 440 1645 esse
451 1582 640 1657 viderentur,
653 1582 708 1644 sed
721 1584 857 1645 carmine
871 1583 1057 1663 Dionysiano

277 1666 366 1747 quasi
401 1668 602 1731 fundamento
632 1668 729 1731 utitur
761 1672 812 1733 cui
831 1683 834 1691 ’
851 1672 1056 1750 largissimam

276 1772 381 1817 rerum
406 1756 684 1837 geographiearnm
707 1758 846 1838 copiam,
868 1778 885 1821 e
907 1759 1054 1821 Strabone

276 1841 411 1903 maxime
433 1848 464 1903 et
478 1843 635 1923 Stephano
655 1844 814 1924 Byzantio,
831 1844 943 1923 partim
961 1844 1055 1907 eliam

276 1946 315 1991 ex
343 1928 520 2005 Herodoto,
550 1932 697 2005 Arriano,
726 1931 895 1995 Ptolemaeo
924 1932 1056 2011 aliisque

275 2017 434 2079 nonnullis
457 2018 638 2094 collectim,
662 2026 906 2100 superstrueret,
922 2018 1002 2081 adeo
1021 2026 1056 2081 ut

275 2122 355 2184 opus
369 2106 437 2183 ejus
451 2105 492 2166 sil
509 2106 596 2188 quasi
611 2115 714 2187 μακρᾶς
728 2131 793 2174 τινος
812 2106 977 2187 γεωγραφίας
990 2106 1055 2165 ὑπό·

274 2194 359 2271 xpeel<
377 2217 406 2253 τε
426 2192 472 2253 xci
490 2195 618 2266 νόθιυσις,
630 2196 771 2276 quamvis
786 2194 816 2255 id
833 2195 935 2275 ipsum
950 2196 1055 2255 Eusta-

273 2280 359 2342 thius
386 2282 434 2361 (p.
461 2282 531 2359 205)
559 2280 724 2361 negaverit.
754 2281 841 2343 Haud
872 2287 1055 2344 cunctanter
1081 2300 1105 2358 g

272 2370 379 2427 amen
419 2367 622 2431 concedimus
657 2384 784 2449 operam
821 2367 1053 2433 Eustathianam

273 2451 393 2532 optimo
407 2453 540 2517 consilio
559 2460 733 2537 susceptam
748 2462 842 2537 atque
862 2454 891 2516 ei
911 2454 963 2533 qui
979 2459 1052 2515 tune

273 2545 339 2601 erat
358 2540 520 2603 literarum
536 2551 568 2604 et
581 2543 719 2605 scientim
742 2543 958 2623 geographicae
980 2560 1053 2603 con·

271 2626 382 2689 ditioni
397 2630 492 2691 luisse
502 2630 871 2693 accommodatissimam.
882 2628 1050 2708 Uudoquae

271 2714 306 2776 in
324 2732 383 2777 uos
410 2716 589 2779 etiamnunc
613 2716 781 2777 commoda
808 2715 1001 2789 redundant,
1019 2716 1051 2778 iu

271 2818 310 2865 eo
325 2801 459 2865 maxime
472 2809 643 2881 versantur,
660 2804 746 2887 quod
767 2802 946 2865 Eustathius
967 2808 1051 2864 vetu-

271 2889 382 2951 stiores
410 2890 547 2971 Dionysii
570 2890 753 2972 intcrpretes
778 2890 888 2953 sedulo
908 2890 1051 2953 adhibuit

270 2976 1050 3058 atqueStephanumByzantiumlcgitintegriorem,

269 3063 384 3126 deinde
396 3083 470 3127 vero
486 3065 607 3126 Arriani
622 3067 737 3148 scripta
747 3084 830 3128 nuno
841 3065 1005 3148 deperdita
1015 3066 1048 3127 in

268 3167 344 3212 usus
357 3167 429 3240 snos
444 3151 605 3215 convertit.

574 3313 737 3338 -οοᾱ-

557 3473 759 3546 CODICES

309 3643 555 3736 DIONYSH
588 3637 657 3737 ET
691 3649 999 3744 EUSTATHH.

455 3825 478 3886 1.
502 3825 658 3888 CODICES
680 3829 856 3893 PARiSINi.

282 3973 311 4034 1.
335 3969 371 4030 N.
388 3971 446 4032 388
457 3970 672 4052 supplementi
688 3973 787 4054 (nohis
798 3977 845 4052 A),
856 3975 932 4039 olim
945 3977 1045 4042 codex

341 4055 545 4131 Mutinensis,
562 4077 633 4122 saec.
649 4063 689 4126 X.
707 4063 980 4143 membranaceus,
998 4067 1046 4130 io-

343 4142 459 4206 liorum
473 4146 540 4206 tta.
555 4147 662 4208 Insunt
676 4167 683 4208 :
697 4151 725 4208 1.
739 4152 783 4210 De
799 4153 925 4214 Homeri
940 4163 1045 4218 cento·

342 4229 445 4293 nibus.
462 4237 492 4293 D.
507 4234 637 4314 Homeri
663 4243 810 4300 centones
832 4239 955 4302 Patrieii
980 4243 1044 4322 epi·

344 4319 447 4398 scopi,
463 4319 612 4384 Eudocim
627 4321 773 4400 Augustae
788 4330 819 4386 et
833 4327 951 4390 Cosmae
972 4330 1043 4392 Hie-

342 4406 567 4485 rosolymitani.
580 4413 609 4472 3.
622 4413 737 4473 Versus
751 4413 789 4474 de
802 4419 945 4494 tempore
958 4418 1043 4497 quod

340 4507 448 4554 coram
464 4501 621 4558 comatum
641 4505 673 4560 et
686 4517 705 4562 a
720 4508 805 4580 tergo
821 4503 941 4564 calvum
955 4505 1043 4568 eltin-

322 4644 323 4648 ,
340 4578 434 4656 gitur.
444 4584 475 4640 1.
486 4581 612 4644 Initium
619 4582 845 4666 paraphrasees
855 4593 1043 4669 Perieyeseos

341 4665 549 4745 Dionysiana,
566 4687 659 4732 onom
681 4676 793 4735 rodina
814 4679 957 4754 popinam
973 4679 1039 4758 (sol.

341 4755 383 4814 m
394 4751 455 4835 aco)
468 4757 604 4834 implens.
618 4761 648 4820 5.
663 4759 850 4839 Theognidis
869 4765 1043 4843 elegiacum

286 4911 289 4919 Ι
340 4857 468 4904 carmen
482 4859 553 4904 eum
570 4843 822 4927 interpretatione
835 4851 929 4913 latina
951 4853 1043 4914 inter-

339 4925 459 4990 lineari.
475 4931 505 4990 7.
521 4929 645 4993 Coluthi
662 4951 788 4998 carmen
803 4935 842 4999 de
868 4945 959 5018 raptu
983 4943 1043 5001 He-

291 5089 327 5152 (tt
343 5090 438 5142 undu
452 5092 554 5144 mat
567 5095 596 5146 in
612 5097 776 5150 commeatu.
791 5101 817 5152 'm
833 5103 932 5154 Homer.
952 5105 1040 5170 odyss.

260 5172 285 5224 p.
304 5164 373 5224 asor,
389 5165 427 5214 rt.
446 5167 515 5228 tote,
534 5170 572 5218 io
590 5171 707 5230 tuneo.
721 5163 789 5234 nro,
804 5173 882 5226 acen
894 5175 963 5226 nom.

1185 538 1276 601 lena.
1291 540 1321 601 8.
1341 539 1385 599 De
1408 536 1508 619 patria
1526 536 1669 599 Homeri.
1697 540 1727 600 D.
1744 538 1872 619 Dionysii·

1184 624 1388 687 Alexandrini
1400 625 1478 685 ordis
1492 624 1652 703 descriptio
1676 642 1742 685 com
1763 630 1869 687 interti-

1184 718 1273 772 eeori
1291 714 1661 799 interpretatiooeoiotioo.
1674 710 1756 771 Dixit
1769 712 1805 773 de
1819 715 1870 777 hoe

1185 797 1295 859 codice
1305 798 1339 857 Ε.
1354 797 1465 858 Miller.
1478 797 1620 877 inllloye
1633 798 1672 857 de
1683 800 1715 858 lc
1725 800 1871 867 Cheeeture

1189 884 1297 966 (Paris,
1314 883 1415 964 tato),
1432 904 1463 964 p.
1482 889 1530 947 11.
1554 882 1695 963 Dionysii
1710 886 1868 965 periegesin

1185 990 1258 1033 eum
1285 972 1377 1033 editis
1406 972 1556 1045 contulit,
1582 971 1744 1052 variasque
1764 976 1869 1040 codicis

1185 1059 1355 1139 scripturas
1369 1060 1503 1121 enotavit
1515 1056 1573 1121 Th.
1590 1060 1711 1121 Pressel
1733 1059 1764 1121 iu
1778 1064 1868 1125 rute

1183 1148 1242 1225 toy.
1260 1153 1336 1207 tom.
1352 1150 1382 1220 3,
1400 1166 1431 1227 p.
1448 1151 1517 1209 315.

1123 1235 1154 1295 2.
1176 1235 1212 1295 Ν.
1235 1237 1311 1295 aru
1332 1233 1433 1315 [uobis
1452 1232 1508 1314 D),
1529 1232 1799 1307 membranaceus,
1819 1254 1868 1298 sa-

1183 1321 1246 1382 culi
1268 1323 1331 1383 ΧΠ.
1353 1324 1460 1383 insunt
1479 1341 1487 1381 ε
1505 1326 1533 1383 1.
1557 1320 1687 1383 Hesiodi
1707 1318 1867 1400 Theogonis

1182 1414 1213 1468 et
1221 1406 1324 1469 Procli
1333 1409 1621 1474 commentarium.
1632 1410 1770 1486 Dionysii·
1778 1412 1866 1471 Perie-

1181 1500 1261 1572 pests
1270 1512 1369 1574 usque
1378 1496 1418 1556 ad
1427 1512 1551 1555 versum
1563 1498 1734 1571 1065,oum
1744 1494 1863 1558 scholiis.

1181 1581 1257 1643 Inde
1272 1599 1394 1644 averso
1411 1585 1470 1643 430
1484 1582 1616 1643 scholiis
1626 1582 1693 1661 jam
1704 1586 1865 1646 rarescenti·
1882 1603 1886 1611 ·

1181 1668 1240 1729 hus
1257 1670 1403 1748 adiuncta
1414 1669 1625 1750 paraphrasis.

1114 1759 1150 1819 3.
1173 1758 1209 1818 Ν.
1225 1760 1303 1818 maa
1321 1756 1422 1837 (nohis
1440 1757 1494 1834 C),
1516 1757 1593 1819 olim
1617 1759 1654 1817 N.
1673 1758 1759 1832 2218,
1782 1775 1864 1820 mem-

1181 1845 1351 1907 branaceus
1376 1844 1409 1906 in
1431 1844 1498 1920 ioh,
1523 1845 1660 1925 scriptus
1688 1862 1765 1906 anno
1786 1851 1861 1922 1666,

1180 1939 1281 1993 emtus
1296 1950 1378 1993 auno
1402 1934 1490 1994 1668.
1506 1932 1598 1995 initio
1615 1931 1679 1993 duo
1693 1932 1762 1993 lolia
1774 1935 1863 1996 arula

1180 2026 1261 2081 sunt.
1276 2019 1398 2082 Folium
1411 2019 1539 2081 tertium
1563 2020 1676 2101 incipit
1695 2020 1791 2081 verbis
1806 2040 1812 2079 :
1825 2023 1862 2087 hie

1177 2108 1222 2167 cde
1246 2108 1402 2190 onoppdeo
1428 2109 1523 2187 οχῶνια
1548 2108 1675 2169 Ἰσαᾶκου
1697 2113 1861 2187 γραμματικοῦ

1177 2198 1223 2251 τοῦ
1243 2195 1367 2263 Τζὲτζου.
1391 2194 1611 2275 subscriptum
1637 2193 1748 2273 legitur
1769 2214 1776 2253 ε
1796 2193 1860 2253 Ἐοι-

1178 2280 1273 2353 buon
1300 2282 1364 2360 μηνὶ
1388 2282 1493 2363 Ἰουλίῳ
1518 2282 1593 2350 ἔτους
1620 2282 1713 2364 ,ςψζᾌ
1737 2282 1859 2342 Ceterum

1178 2368 1302 2444 turbato
1321 2370 1468 2433 loliorum
1484 2370 1597 2433 ordine
1611 2370 1725 2433 accidit
1740 2378 1772 2433 ut
1786 2370 1859 2430 sobo

1177 2452 1227 2515 liis
1242 2455 1309 2518 istis
1320 2456 1434 2521 inserta
1452 2459 1573 2537 legatur
1589 2458 1860 2537 Batrachomyonra-

1175 2540 1256 2603 chia.
1270 2544 1389 2605 Deinde
1403 2553 1578 2626 sequemur
1592 2548 1604 2623 l
1611 2544 1664 2608 iol.
1685 2548 1732 2625 79)
1744 2545 1857 2625 Oppiani

1176 2628 1359 2708 cynegetioa
1388 2650 1462 2693 oum
1491 2632 1623 2695 scholiis
1649 2630 1797 2693 nonnullis
1823 2630 1855 2691 ad

1175 2716 1348 2794 marginem
1369 2718 1497 2793 notatis,
1519 2727 1552 2782 et
1571 2720 1625 2782 iol.
1647 2722 1710 2783 98:
1733 2720 1855 2794 Dionystt

1176 2802 1356 2879 Periepesis,
1371 2804 1460 2883 cujus
1475 2805 1608 2882 singuiis
1630 2803 1809 2883 segminibus
1827 2802 1853 2861 in

1175 2888 1315 2970 margine
1327 2894 1394 2951 tum
1404 2893 1606 2972 paraphrasis
1617 2892 1741 2955 schohis
1755 2889 1854 2970 passim

1177 2977 1322 3042 distincta
1345 2985 1411 3042 tum
1450 2981 1604 3043 Eustathii
1631 2977 1851 3044 commentarius

1175 3065 1373 3143 adjiciuntur.

1114 3155 1144 3215 i.
1168 3153 1204 3215 N.
1229 3157 1310 3216 2855
1331 3153 1432 3231 (nohis
1456 3154 1510 3234 D),
1524 3175 1600 3219 saec.
1616 3157 1691 3230 XIH,
1709 3152 1852 3232 bombyci-

1175 3259 1244 3304 nus.
1260 3245 1367 3305 Insunt
1386 3262 1393 3302 :
1414 3247 1445 3304 1.
1462 3246 1624 3307 Emtothti
1647 3239 1850 3306 commentarii.

1173 3331 1203 3390 2.
1222 3330 1383 3407 Νἱονννίνν
1396 3346 1470 3391 cum
1485 3331 1680 3412 paraphrasi.

1113 3418 1143 3478 a.
1164 3415 1200 3478 Ν.
1226 3419 1304 3478 2852
1329 3415 1432 3496 (nohis
1456 3417 1507 3494 E),
1533 3437 1608 3480 saec.
1635 3419 1699 3480 thl
1721 3411 1850 3483 ineuntis,

1174 3501 1418 3583 bombycinusin
1426 3507 1469 3577 8⁰,
1478 3503 1555 3564 olim
1566 3503 1831 3566 hrediceuslnsunt
1843 3518 1848 3558 :

1173 3593 1202 3652 1.
1220 3591 1400 3670 Dionysius,
1420 3589 1543 3668 adjecta
1563 3589 1598 3654 iu
1621 3589 1753 3666 margine
1776 3603 1850 3666 para-

1172 3677 1297 3757 phrasi,
1313 3678 1364 3741 cui
1380 3678 1523 3741 immixta
1544 3686 1619 3740 sunt
1637 3676 1761 3739 scholia.
1774 3672 1848 3734 initio

1172 3764 1246 3826 solia
1267 3765 1346 3842 tria,
1369 3766 1484 3848 quihus
1507 3765 1648 3848 Dionysii
1664 3780 1764 3825 versus
1787 3762 1848 3820 t-ar

1171 3851 1378 3926 continentur,
1397 3853 1511 3914 deinde
1524 3872 1599 3916 vero
1615 3851 1719 3914 solium
1735 3845 1847 3922 131610·

1171 3955 1237 4014 nys.
1252 3955 1280 3999 ν.
1298 3938 1442 4018 196666]
1459 3947 1493 4002 et
1506 3937 1618 4001 lolium
1633 3942 1672 4000 20
1688 3932 1844 4013 (Dionyse.

1171 4025 1330 4102 tat-tta),
1351 4043 1422 4104 quae
1448 4025 1622 4106 perierant,
1646 4042 1736 4086 manu
1756 4035 1846 4082 recen·

1170 4111 1248 4174 tiore
1263 4115 1407 4197 suppleta
1420 4121 1501 4176 suut.
1513 4120 1593 4176 -2.
1612 4111 1779 4176 aestutiae
1791 4101 1843 4186 [iol.

1169 4201 1307 4281 19-166).
1324 4203 1458 4264 Ultimus
1472 4201 1636 4283 quaternio
1650 4197 1771 4272 escidit3
1785 4191 1845 4290 sub·

1171 4287 1296 4352 stitutus
1317 4295 1365 4351 est
1378 4290 1541 4369 quaternio
1557 4303 1755 4372 papyraceus,
1768 4295 1842 4356 curus

1169 4376 1306 4458 primum
1321 4378 1431 4439 folium
1447 4377 1510 4458 (iol.
1526 4378 1594 4460 166)
1607 4372 1739 4438 eontinet
1752 4367 1843 4430 ultima

1167 4462 1318 4524 Eustathii
1334 4471 1366 4525 et
1381 4466 1430 4525 his
1445 4466 1601 4543 subjectas
1615 4465 1708 4526 lineas
1720 4462 1767 4532 tt,
1783 4467 1841 4531 (111ae

1168 4550 1381 4622 inscribuntur
1403 4572 1411 4613 ε
1433 4551 1608 4633 Πλουτάρχου
1621 4547 1712 4626 ἐκλογὴ
1729 4541 1841 4643 erepsit

1168 4639 1312 4700 ἀδυνάτων.
1325 4639 1430 4702 Prima
1441 4640 1536 4700 verba
1551 4660 1558 4700 :
1575 4637 1651 4700 Koch
1668 4635 1760 4715 πετρῶν
1779 4646 1840 4686 east·
1912 4710 1913 4713 Ἴ

1170 4747 1232 4803 pete·
1247 4725 1353 4786 πλίνθον
1371 4727 1489 4794 πλύνας·
1500 4729 1598 4808 δικτύῳ
1617 4725 1707 4799 ἄνομον
1721 4711 1841 4796 iapheth
1912 4718 1913 4755 t

1168 4811 1342 4891 retpopptvoe
1367 4813 1443 4873 πίθον
1468 4814 1584 4881 derisit·
1607 4815 1643 4880 εἰς
1666 4811 1730 4888 ὕδωρ
1750 4799 1839 4885 Υθᾶῳῑς

1168 4904 1227 4958 eto.

1167 5075 1275 5136 meunt
1296 5093 1303 5134 :
1325 5079 1390 5136 1-1.
1416 5075 1544 5136 loannis
1566 5072 1667 5154 Glycis
1690 5074 1762 5148 patr.
1780 5073 1838 5119 ora·

1167 5161 1315 5225 tiunculae
1333 5161 1489 5244 quadam.
1514 5166 1543 5227 5.
1568 5154 1688 5227 Maximi
1710 5141 1837 5216 Planndis

1106 4989 1137 5048 c.
1159 4973 1835 5066 6156160661),οεοκινὼοιοῢννῐῡω·
1911 5058 1912 5061 γ
