3884 5925
582 446 761 508 ANAPLUS
782 447 949 508 uosrotu
971 447 1146 512 Tttttactt.
1631 460 1670 515 dt

81 578 171 639 salens,
184 576 218 630 de
229 594 281 647 quo
291 575 427 646 AEscbylus
439 577 465 630 iu
483 575 607 646 tragoedia
619 587 770 650 uuucupata
784 581 843 632 Peu-

20 649 21 652 ,
80 669 107 718 sis
118 667 186 735 piiss)
198 665 236 716 sic
246 664 281 718 ait
295 683 301 716 ;

130 787 210 850 seon:
222 779 244 834 δ’
257 787 369 849 ἀνῴμωξε
385 791 466 834 κακῶν
480 788 539 848 ὁρῶν
550 786 630 849 βάθος·

129 859 191 918 tren
202 857 246 916 γὰρ
259 857 308 918 εἶχε
319 857 406 910 παντὸς
419 857 491 917 εὐαγῆ
499 862 612 919 στρατοῦ,

130 929 212 988 idriis
224 926 295 988 ὄχθον
307 926 363 987 ἄγχι
377 927 488 984 πελαγίας
501 928 565 982 ἁλός.

80 1043 181 1107 Itemque
193 1037 242 1088 boc
256 1038 284 1088 in
293 1055 322 1089 re
337 1036 477 1089 verisimile
487 1048 527 1089 est
541 1038 671 1090 imitatum
686 1037 764 1090 luisse
776 1039 843 1090 Xer·

80 1143 128 1177 um
139 1125 215 1194 panis
240 1124 315 1174 Darii
336 1125 482 1188 rationem,
504 1127 649 1195 presertim
668 1141 730 1177 euna
747 1127 843 1178 Darius

79 1211 239 1265 idandroclem
250 1211 359 1263 baberet
367 1213 486 1264 Dariarm
498 1212 586 1280 gloriae
597 1212 754 1276 studiosum,
764 1229 843 1282 quem

79 1309 109 1351 est
123 1315 179 1350 rero
197 1299 350 1368 proximum
371 1300 398 1350 in
412 1299 480 1350 cliro
492 1300 624 1351 eminente
641 1316 719 1370 supra
735 1309 843 1370 pontem

79 1384 189 1438 excidisse
206 1384 320 1447 solium,
347 1389 409 1437 otim
432 1387 454 1437 is
478 1395 559 1457 ponte
582 1387 703 1439 coniecto
719 1403 735 1440 a
761 1388 843 1440 Dario

80 1471 163 1538 magnis
171 1470 285 1540 premiis
299 1469 426 1534 allectus,
441 1470 474 1523 ad
495 1473 582 1522 virum
596 1471 745 1542 depinxerit
757 1483 842 1525 totum

78 1568 169 1627 pontem
180 1558 290 1626 Bospori
298 1567 325 1609 et
337 1569 425 1626 regem
436 1560 546 1610 Darium
557 1561 663 1627 inregio
674 1560 739 1612 solio
751 1559 842 1612 sedeo·

80 1655 120 1694 tem
131 1641 232 1712 ejusque
243 1646 391 1696 exereitum
403 1654 596 1713 transeuntem,
606 1659 688 1715 eaque
699 1645 802 1717 depicta
814 1647 842 1699 in

80 1731 169 1790 llereo,
180 1729 230 1780 boe
240 1741 281 1780 ast
292 1730 525 1801 tenrploluoonis,
536 1747 596 1784 eum
610 1731 658 1783 bac
672 1733 842 1803 inscriptione

68 1813 221 1886 ¹suspenderit
232 1827 260 1868 et
274 1816 401 1870 dieas-erit
412 1817 550 1889 (llemdot.
568 1823 595 1880 4,
610 1818 659 1890 88)
673 1837 679 1873 :

129 1935 239 1998 Βόσπορον
254 1936 380 1998 ἰχθυόεντα
392 1939 527 2002 γεφυρώσας
540 1941 637 1996 ἀνέθηκε

129 2007 286 2068 ῖῐαὺραὶὲης
300 2001 362 2068 Ἥρῃ
374 2009 521 2070 μνημόσυνον
535 2010 646 2071 σχεδίης·

128 2077 185 2135 αὐτῷ
194 2077 237 2134 μὲν
252 2078 367 2136 στέφανον
380 2081 492 2140 aspicie,
503 2081 612 2140 Σαμίοισι
626 2079 650 2128 dl
667 2081 753 2137 sirloc,

128 2147 217 2206 mn
232 2147 344 2208 βωαας
355 2149 477 2204 tamem
490 2152 625 2199 aneson.

79 2265 185 2317 inedito
206 2267 339 2320 Herodoti
358 2268 449 2322 codice
467 2263 653 2342 Μανδροκλέης
678 2275 787 2347 iegitur;
812 2277 839 2329 in

79 2353 175 2422 quodam
185 2355 365 2425 manuscripto
374 2348 540 2425 Ἀνδροκλέης
548 2359 568 2420 ¹,
580 2361 653 2429 quod
664 2381 759 2416 nomen
770 2365 841 2414 Grae-

76 2441 104 2490 ris
120 2441 235 2491 usitatum
257 2451 298 2491 est
312 2451 338 2492 et
353 2442 456 2504 nobile,
480 2441 543 2495 illud
566 2445 679 2513 ignobile
693 2459 718 2500 et
733 2465 840 2520 prorsus

76 2527 232 2593 pastoritium.
272 2529 335 2594 Quo
351 2525 411 2580 loco
425 2528 502 2582 luerit
519 2521 687 2600 ‘lipsiou,in
711 2553 764 2604 quo
785 2535 840 2588 lucc
898 2571 904 2580 -

76 2613 151 2664 dicarit
162 2611 322 2678 Androcles,
335 2633 388 2666 non
399 2617 508 2686 explicat
519 2619 679 2684 Herodotus,
690 2639 722 2672 an
736 2620 762 2672 id
774 2633 840 2674 esset

74 2697 134 2766 juxta
142 2701 287 2769 Bosporum
298 2743 304 2762 ,
317 2719 351 2754 an
364 2701 428 2768 illud
443 2703 514 2774 quod
528 2707 596 2758 iuter
608 2707 798 2760 Chalcedonem
814 2719 839 2762 et

75 2787 268 2854 promontorium
287 2799 466 2859 nuncupatum
480 2793 581 2843 Acritas
593 2795 667 2864 ponit
683 2795 838 2868 llcnippus²

76 2875 95 2923 in
111 2875 202 2944 periplo
219 2875 350 2946 Bithyniae
370 2879 434 2949 (ap.
459 2881 497 2932 St.
519 2883 581 2952 Byr.
604 2901 628 2936 ν.
657 2875 838 2955 Χο)αηδὼν];

75 2978 114 3024 ao,
132 2980 186 3014 cum
209 2961 317 3015 Samius
337 2974 403 3016 esset
425 2965 585 3031 Androcles,
609 2971 634 3021 in
649 2969 707 3021 loco
720 2970 839 3023 Thraciae

76 3048 183 3115 appellato
197 3038 307 3119 Ἡραίῳ
331 3066 345 3100 a
367 3050 461 3102 Samiis
481 3052 615 3117 habitato,
637 3074 670 3107 an
694 3056 722 3107 in
742 3056 838 3127 templo

75 3133 167 3183 lunoois
177 3134 285 3197 Samiae,
301 3134 373 3203 quod
390 3134 488 3188 illustre
500 3138 591 3190 Samos
605 3140 691 3193 insula
709 3140 835 3209 babebat,

77 3236 121 3269 mni
133 3223 256 3289 picturam
275 3222 449 3293 suspenderit.
489 3224 567 3293 Quod
583 3227 603 3279 si
619 3218 727 3301 ‘lipsius
742 3228 792 3282 suit
810 3232 837 3283 in
879 3257 984 3327 junxit,
1001 3265 1037 3317 im
1048 3264 1236 3319 nymdissyme
1248 3252 1401 3337 'mbijguum
1413 3270 1602 3341 mmmm,
1619 3272 1665 3327 ubi

76 3304 121 3356 loco
130 3348 136 3368 ,
146 3310 185 3359 ubi
196 3311 294 3361 Darius
303 3322 409 3380 pontem
417 3310 521 3380 junxit,
534 3324 562 3365 ut
576 3315 713 3368 verisimile
723 3317 837 3383 videtur,

76 3394 142 3445 miror
153 3394 336 3460 Herodotum,
352 3416 412 3449 cum
428 3400 464 3451 ait
479 3402 522 3467 (l,
537 3400 586 3471 87)
612 3418 618 3453 ε
638 3427 649 3446 ι
672 3402 758 3455 Iocus
773 3406 837 3455 Bos-

75 3480 133 3545 pori,
145 3499 218 3550 quem
231 3492 315 3553 ponte
329 3482 421 3553 junxit
441 3502 487 3535 rex
509 3484 621 3549 Darius,
635 3487 712 3551 mibi,
734 3488 836 3559 inquit,

75 3562 207 3633 conjectanti
222 3567 328 3619 ridetur·
340 3567 443 3619 medius
456 3570 524 3621 inter
536 3572 690 3641 Byzantium
707 3585 733 3626 et
747 3574 837 3627 sanum

76 3650 147 3701 inore
161 3654 238 3704 Ponti
261 3654 340 3705 situm
363 3678 393 3718 ι,
415 3670 463 3705 cur
481 3672 534 3706 non
556 3656 643 3709 locum
664 3658 837 3711 nominaverit

74 3726 174 3803 Ἡραῖον.
215 3740 309 3809 Neque
327 3742 469 3810 Dionysius
480 3743 619 3813 Bymntius
632 3746 764 3811 meminit,
775 3765 835 3799 cum

74 3833 199 3878 ceterorum
222 3824 383 3897 templorum
393 3826 469 3897 juxta
484 3830 631 3903 Bosporum
651 3834 762 3886 sitorum
783 3853 836 3887 me·

75 3910 173 3974 uineae
188 3926 212 3966 at
225 3932 311 3983 neque
323 3916 437 3967 Hermai
452 3919 587 3983 meminit,
600 3938 660 3972 cunt
675 3938 707 3973 ex
726 3921 835 3995 Polybio

76 3995 200 4051 Hermaeum
214 3998 276 4052 alibi
296 4018 352 4053 esse
372 4018 425 4053 non
438 4002 536 4072 possit,
551 4022 631 4075 quam
654 4006 699 4058 ubi
718 4018 757 4059 ast
770 4008 836 4078 Pyr·

889 603 974 638 serem
997 587 1025 640 in
1054 587 1165 658 Polybio
1186 586 1326 658 hgendun
1347 579 1459 660 Ἡραῖον
1482 591 1672 662 potiusquam

890 664 1034 744 Ἑρμαῖον,
1044 675 1096 728 nisi
1108 692 1202 728 omnes
1214 675 1320 728 codieea
1332 674 1450 746 Polybii,
1468 693 1536 746 quos
1551 677 1617 730 mibi
1633 679 1673 732 ri·

889 760 951 814 dere
972 762 1098 830 contigit,
1111 751 1387 832 habaentfssppnto.
1429 763 1485 816 Cur
1500 780 1562 814 vern
1573 764 1610 816 ita
1626 781 1671 835 ap

888 845 1012 916 pellatam
1028 848 1076 909 sit,
1088 865 1168 900 mmo
1181 847 1289 912 aoeibit,
1303 866 1337 902 an
1349 867 1365 902 a
1378 848 1477 920 templo
1489 849 1626 912 Memmii,
1636 867 1671 903 en

888 949 904 984 a
922 931 1040 1002 lapidum
1064 951 1158 986 aoervo
1177 935 1205 986 in
1228 934 1277 986 riis
1301 933 1391 986 dubiis
1415 945 1582 999 eomecrato,
1603 953 1638 988 an
1653 955 1670 988 a

888 1016 1018 1087 lapidibus
1034 1017 1222 1088 quadrangulis
1244 1020 1371 1072 llermaeis
1389 1020 1566 1090 nuncupatis,
1581 1020 1671 1090 quales

887 1120 942 1154 asse
961 1113 1109 1173 potuerunt
1125 1103 1212 1168 stelse,
1233 1121 1299 1174 quaa
1313 1106 1452 1158 marmoris
1468 1103 1520 1156 albi
1534 1107 1630 1158 ὓιαῖαο
1642 1108 1671 1158 in

888 1189 938 1242 boe
951 1189 1010 1242 Ιοοο
1022 1191 1121 1260 posuit,
1136 1192 1164 1243 in
1184 1207 1238 1244 una
1250 1190 1371 1244 incidens
1389 1191 1477 1244 literas
1489 1193 1623 1262 Assyrias,
1642 1194 1670 1246 io

887 1275 966 1330 altera
979 1277 1093 1330 oreos.
1130 1278 1302 1347 ltaquereete
1315 1278 1442 1348 potuisset
1455 1275 1606 1330 Berodmrn
1617 1280 1671 1331 Da·

886 1361 918 1413 rii
940 1361 1016 1416 stelas
1039 1361 1169 1432 appelbre
1186 1363 1315 1426 Hamas,
1340 1371 1371 1414 ot
1392 1361 1529 1416 AEscbines
1550 1364 1671 1417 nominat

887 1446 998 1500 Hermas
1014 1446 1125 1501 bonoria
1138 1463 1216 1500 eausa
1229 1447 1356 1500 excitatos
1374 1463 1436 1499 cum
1456 1447 1582 1518 inscripta
1593 1447 1671 1502 leude

886 1530 1004 1600 alicujus.
1042 1533 1086 1586 Sic
1095 1533 1167 1584 enim
1175 1531 1357 1586 aitAEscbinee
1367 1542 1462 1586 contra
1471 1534 1670 1605 Ctesiphontem

888 1617 953 1686 (Or.
977 1619 1005 1680 3,
1029 1620 1044 1684 ς
1068 1619 1140 1686 183)
1159 1635 1192 1672 :-
1220 1617 1300 1670 Dedit
1321 1617 1434 1690 populus
1450 1617 1618 1673 Atheniensis
1631 1623 1670 1674 eis

888 1705 1001 1757 honores
1012 1722 1121 1774 magnos
1130 1716 1183 1758 tres
1193 1703 1309 1776 lapideos
1318 1707 1429 1758 llermas
1440 1715 1551 1758 statutos
1565 1707 1593 1758 in
1605 1724 1669 1778 por·

887 1793 939 1844 ticu
953 1793 1129 1855 liemarum,
1143 1803 1223 1862 atque
1242 1793 1270 1844 in
1284 1791 1392 1861 singulis
1412 1793 1545 1864 inscripsit
1563 1791 1670 1848 leodem

886 1877 991 1932 illorum
1008 1899 1019 1926 ν
1034 1895 1041 1932 :
1061 1876 1159 1930 deinde
1170 1887 1278 1944 narrat,
1290 1877 1357 1948 quid
1368 1879 1526 1949 inscriptum
1539 1879 1567 1932 in
1578 1880 1669 1950 primo

886 1965 1054 2030 Hennarum,
1064 1963 1129 2034 quid
1143 1967 1171 2018 in
1180 1965 1308 2030 seeundo,
1321 1964 1386 2036 quid
1404 1967 1432 2018 in
1444 1967 1532 2018 tertio.
1547 1968 1669 2038 Denique

886 2067 978 2102 ornnes
986 2051 1061 2104 stelas
1071 2050 1195 2122 lapideas,
1206 2069 1298 2104 omnes
1306 2053 1406 2123 cippos,
1420 2053 1532 2104 llemes
1540 2053 1668 2123 appellare

885 2155 1033 2208 possumus.
1042 2141 1265 2208 Termesso),
1276 2139 1372 2192 nobilis
1381 2140 1575 2210 grammaticus,
1586 2142 1668 2210 etqui

884 2225 1000 2276 exactius
1014 2225 1138 2278 omnibus
1154 2226 1286 2278 historicis
1301 2219 1508 2297 geographisque
1525 2242 1554 2277 se
1568 2227 1668 2296 Bospo-

884 2327 943 2361 rum
959 2311 1027 2361 scire
1043 2309 1180 2378 gloriatur,
1203 2312 1276 2365 bunc
1289 2311 1376 2364 locum
1396 2327 1451 2364 non
1471 2310 1583 2382 appellat
1600 2313 1667 2364 ller-

885 2413 991 2460 macum,
1001 2396 1047 2449 sed
1059 2399 1192 2462 iles-aum,
1204 2415 1265 2451 curn
1278 2401 1314 2450 ait
1328 2415 1335 2451 t
1351 2397 1549 2463 «Mandroclea,
1565 2401 1667 2452 semim

884 2485 1059 2548 architectus,
1073 2486 1222 2555 Bosporum
1233 2484 1442 2556 Hellespontium
1451 2486 1563 2540 navibus
1577 2485 1668 2555 junxit

884 2587 938 2621 sive
958 2571 1029 2623 cisoa
1047 2571 1177 2625 Damalim
1203 2573 1258 2623 sive
1278 2572 1349 2624 cirea
1371 2574 1494 2624 Herceum
1517 2565 1589 2642 (eise
1606 2567 1667 2642 accpi

884 2649 930 2717 τὴν
945 2647 1075 2725 Δάμαλιν,
1089 2650 1142 2708 alre
1156 2650 1202 2708 aei
1215 2650 1246 2709 τὸ
1261 2644 1370 2729 Ἡραῖον
1377 2658 1424 2727 pa,
1441 2649 1521 2721 idque
1543 2653 1666 2705 llerodo·

883 2755 938 2796 tum
959 2746 1074 2798 smibere
1099 2748 1200 2800 merit.
1237 2746 1369 2817 liquidem
1391 2747 1476 2799 fateor
1500 2747 1666 2802 Herodotum

883 2831 1010 2893 scribere,
1034 2843 1064 2886 ut
1085 2833 1244 2899 Androcles,
1263 2851 1323 2904 quae
1346 2835 1474 2904 pinxisset
1488 2834 1522 2886 de
1538 2845 1619 2905 ponte
1640 2847 1668 2890 et

885 2919 965 2973 Dario
976 2918 1086 2989 ejusque
1099 2921 1230 2986 exercitu,
1244 2938 1275 2974 ea
1292 2920 1458 2992 smpenderit
1471 2920 1505 2975 ad
1521 2921 1643 2977 Heraeum
1656 2941 1663 2980 :

883 3005 927 3057 sed
944 3007 970 3057 in
983 3022 1038 3075 quo
1049 3007 1108 3059 loco
1118 3007 1146 3059 id
1159 3007 1254 3071 luerit,
1267 3007 1428 3061 llerodotom
1442 3008 1574 3062 declarate
1585 3030 1664 3081 nego.
1724 3001 1728 3007 ⁹

882 3094 1072 3146 Verumtamen
1086 3104 1117 3146 nt
1139 3112 1194 3147 non
1208 3095 1321 3148 alnurde
1339 3097 1459 3149 Tretnem
1477 3108 1543 3168 puto
1562 3098 1665 3169 corajec-

883 3187 962 3239 tasse,
979 3179 1102 3231 Heraeum
1119 3179 1199 3232 luisse
1211 3182 1281 3234 cim
1292 3181 1379 3234 locum
1392 3182 1437 3235 ubi
1450 3184 1545 3235 Darius
1555 3196 1663 3253 pontem

882 3366 950 3419 pons
958 3349 1067 3419 junctus
1078 3362 1134 3416 est,
1153 3370 1211 3405 ease
1223 3356 1279 3406 sire
1291 3356 1360 3407 circa
1381 3356 1503 3408 lleraeum
1522 3358 1576 3410 sire
1595 3360 1666 3413 eirca

881 3437 1021 3489 Damalim.
1059 3440 1113 3505 Qui
1124 3480 1130 3500 ,
1145 3430 1167 3491 si
1185 3442 1370 3505 existimasset,
1383 3451 1414 3494 ut
1425 3443 1573 3497 existimare
1584 3442 1664 3498 debe·

881 3520 941 3585 bat,
961 3522 1127 3576 Herodotum
1149 3541 1242 3577 rerum
1267 3536 1293 3579 et
1312 3526 1463 3595 diligentem
1485 3530 1662 3601 geographum

880 3604 971 3671 luisse,
987 3608 1009 3659 si
1024 3608 1152 3661 Herodoti
1165 3609 1320 3675 historiam,
1333 3628 1413 3681 quam
1423 3613 1501 3676 citat,
1511 3612 1664 3684 perpendis·

880 3702 938 3756 set,
958 3710 1095 3763 nunquam
1110 3694 1255 3765 bosporum
1269 3696 1421 3767 appellasset
1437 3698 1661 3769 Hellespontium,

880 3794 934 3829 non
958 3777 1120 3832 confudisset
1138 3780 1189 3831 tria
1208 3782 1308 3844 maria,
1332 3798 1391 3852 quae
1410 3782 1561 3837 Herodotus
1578 3786 1664 3838 tribus

816 3898 824 3911 .
880 3840 1033 3917 „moninus
1050 3865 1147 3919 aeneo
1159 3867 1187 3918 tn
1200 3868 1363 3937 soporos,
1384 3868 1588 3939 emporion,
1601 3872 1663 3925 net-

879 3948 1045 4019 leapontum,
1058 3968 1195 4021 ναιοουαω
1217 3953 1362 4023 scripsisset
1379 3955 1452 4006 Darii
1474 3964 1591 4025 pontem.
1598 3956 1663 4026 jun·

878 4044 950 4089 mum
966 4034 1044 4089 latin
1055 4038 1127 4089 eirea
1142 4037 1280 4094 Damalim.
1319 4038 1433 4091 Damalis
1445 4040 1516 4091 enim
1535 4041 1590 4093 sive
1610 4044 1662 4095 Bos

76 4078 129 4131 rbias
140 4079 218 4153 Cyon.
245 4111 256 4131 ι
281 4086 433 4138 Hermaeum
456 4088 586 4159 Europae,
606 4092 692 4161 inquit
711 4092 835 4163 Polybius
879 4118 951 4173 pocus
962 4138 994 4173 ex
1006 4120 1135 4191 hymn
1150 4132 1227 4174 „nm
1239 4122 1315 4176 mugi
1334 4134 1360 4177 e,
1373 4124 1597 4196 permanerem,
1611 4126 1662 4180 sug,

77 4170 105 4229 il,
117 4172 153 4234 tt,
167 4176 217 4241 ²),
232 4175 259 4224 ln
271 4174 447 4243 Pl⁰¹¹¹⁰¹¹¹⁰lii
461 4177 602 4230 ‘mimmii
615 4176 834 4250 q¹¹⁸d³¹¹¹2l¹¹¹¹²
865 4197 906 4257 'in
923 4204 1108 4275 promotor-to
1124 4209 1260 4261 Soutarioe
1280 4221 1378 4279 septem
1392 4210 1476 4263 stadia
1496 4210 1610 4265 distante
1627 4214 1661 4266 ab

75 4256 185 4323 otono,
198 4262 266 4312 inter
280 4262 435 4330 Byzantium
455 4273 480 4315 et
493 4264 594 4315 Fanum
608 4266 701 4327 situm,
712 4264 792 4319 distat
802 4270 835 4321 ab
879 4276 944 4326 urbe
958 4278 1095 4345 Byzantio,
1117 4278 1163 4329 ubi
1176 4278 1198 4336 si
1214 4296 1281 4347 pons
1292 4278 1400 4348 junctus
1420 4280 1525 4346 luisset,
1548 4282 1659 4337 alterum

75 4342 124 4393 daia
135 4346 244 4415 qumque
254 4346 356 4411 stadia,
375 4346 519 4399 secundum
537 4348 624 4402 locum
640 4352 834 4407 strictissimum
879 4362 966 4429 pontis
980 4373 1058 4432 caput
1069 4373 1114 4415 aut
1126 4363 1252 4431 attigisset
1263 4366 1432 4436 Byzantium,
1447 4377 1493 4418 aut
1505 4365 1578 4419 littus
1592 4369 1659 4423 ultra

75 4428 139 4515 totius
154 4432 201 4482 nn's
213 4433 329 4495 Pontici,
340 4450 393 4502 qua
404 4434 479 4486 aiunt
490 4436 600 4489 Darium
613 4448 692 4509 ponte
700 4440 834 4511 Europam
879 4447 969 4501 Petam
987 4448 1083 4513 situm,
1104 4448 1151 4500 ubi
1175 4452 1308 4521 Bosporus
1325 4462 1387 4503 octo
1402 4448 1492 4503 stadiis
1509 4451 1587 4505 latior
1606 4464 1655 4508 est.

73 4514 169 4577 Juualsse
179 4518 259 4581 Asiae,
274 4535 336 4569 euin
355 4519 477 4571 transiret
490 4532 581 4574 contra
598 4524 720 4593 Scythas.
736 4550 747 4573 ι
765 4528 832 4579 Cen·
856 4559 861 4573 ι
878 4534 956 4585 Ater
971 4532 1060 4585 maltis
1066 4531 1240 4606 scriptoribus
1252 4536 1320 4589 scire
1334 4547 1450 4608 poterat,
1463 4539 1536 4591 Darii
1551 4550 1659 4610 pontem

92 4698 124 4769 ¹1.
139 4681 297 4759 Ἀνδροιὶέης]
312 4692 345 4741 ln
363 4691 460 4743 nostris
474 4692 601 4745 Herodoti
620 4692 756 4749 oodieibus
773 4714 831 4749 om·
912 4718 939 4755 a.
961 4703 1067 4769 Queri...
1077 4706 1157 4777 ponit
1166 4706 1327 4779 Menippus]
1339 4708 1487 4761 Dioendum
1501 4720 1558 4763 erat
1572 4712 1662 4783 :quod

77 4758 139 4850 orbus
149 4763 314 4835 Μανδροκλέης
322 4767 372 4837 legi
383 4767 496 4833 videtur,
511 4772 579 4823 sicut
589 4773 660 4843 apud
673 4776 793 4829 Tzetaem
803 4777 832 4829 in
875 4792 932 4833 eret
951 4782 1020 4836 irater
1036 4783 1216 4837 Cdoleedoriem
1233 4797 1259 4837 et
1271 4788 1478 4857 promerentium
1496 4784 1567 4859 qreod
1578 4788 1658 4841 Acri·

77 4837 131 4933 libii.
148 4859 167 4905 1,
181 4862 204 4899 ν.
224 4848 284 4898 826.
299 4849 332 4897 ln
351 4846 461 4901 Anthol.
476 4849 530 4902 Pal.
545 4854 635 4914 &341
647 4851 740 4920 legitur
760 4854 832 4907 blev-
877 4870 931 4911 tom
949 4873 1028 4915 auco!
1044 4863 1195 4934 Menippus.
1216 4865 1284 4915 Nam
1302 4865 1442 4935 Menippus
1459 4864 1529 4935 apud
1549 4865 1657 4937 Stepha-

77 4922 187 4987 ψὶαρεων.
199 4929 364 4997 Epigramma
375 4940 460 4983 exstat
472 4933 550 4985 etiam
573 4935 599 4985 in
614 4934 713 4989 Cbron.
729 4938 830 4991 Simeo·
874 4956 939 4991 uum
949 4957 979 4993 -ν,
991 4940 1126 5007 Χαλκηδών
1146 4943 1230 4994 lleraei
1244 4958 1298 4993 non
1314 4942 1445 4996 meminit.
1466 4942 1556 5013 Neque
1572 4944 1656 5009 inira,

78 5000 109 5049 nis
126 5004 263 5071 logothetae
280 5007 361 5075 (eod.
381 5011 464 5064 Paris.
483 5027 560 5079 1702,
576 5012 621 5065 sol.
638 5014 670 5079 73
682 5014 702 5085 i,
723 5014 769 5069 ubi
783 5034 831 5087 pro
876 5014 921 5067 ubi
934 5014 968 5067 de
989 5018 1074 5071 lleraei
1087 5018 1139 5070 situ
1160 5018 1350 5088 fusiusagitur‚
1370 5018 1420 5071 ulla
1439 5021 1537 5072 mentio
1554 5020 1584 5073 lit
1601 5022 1658 5073 Me·

77 5073 226 5149 ttntpsotm
243 5086 319 5141 babae
332 5088 520 5157 Σμορὸοκλέης,
537 5100 564 5143 et
584 5092 611 5143 in
630 5093 722 5147 ultimo
739 5112 828 5148 vesu:
875 5094 966 5164 nippi,
990 5112 1069 5165 quem
1090 5096 1191 5166 Gyllius
1212 5115 1266 5152 non
1282 5099 1449 5168 integriorem
1464 5097 1555 5151 babuit
1576 5115 1657 5171 quam

77 5154 152 5227 Μαῖα)
169 5162 270 5229 desiisti.
284 5167 408 5219 Ceterum
424 5169 554 5237 picturam
576 5172 650 5223 istam
674 5173 714 5225 vir
727 5174 830 5227 Samicu
875 5189 924 5225 nos
931 5172 986 5243 jam
1000 5175 1135 5229 babemus.

78 5230 189 5290 dedicasse
202 5244 342 5299 censendus
357 5256 396 5299 ast
414 5246 440 5310 in
453 5247 621 5317 pinacotbeea
637 5251 723 5305 lleraei
735 5252 826 5307 Samii.
