<?xml version="1.0" encoding="UTF-8"?>
<!DOCTYPE html PUBLIC "-//W3C//DTD XHTML 1.0 Transitional//EN"
    "http://www.w3.org/TR/xhtml1/DTD/xhtml1-transitional.dtd">
<html xmlns="http://www.w3.org/1999/xhtml" xml:lang="en" lang="en">
 <head>
  <title>
</title>
<meta http-equiv="Content-Type" content="text/html;charset=utf-8" />
  <meta name='ocr-system' content='tesseract 3.04.00' />
  <meta name='ocr-capabilities' content='ocr_page ocr_carea ocr_par ocr_line ocrx_word'/>
</head>
<body>
  <div class='ocr_page' id='page_1' title='image "./geographigraeci04mlgoog_0636.png"; bbox 0 0 3884 5925; ppageno 0'>
   <div class='ocr_carea' id='block_1_1' title="bbox 223 406 1190 483">
    <p class='ocr_par' dir='ltr' id='par_1_1' title="bbox 223 406 1190 483">
     <span class='ocr_line' id='line_1_1' title="bbox 223 406 1190 483; baseline -0.018 0"><span class='ocrx_word' id='word_1_1' title='bbox 223 432 279 483; x_wconf 75' lang='lat'>56⁰</span> <span class='ocrx_word' id='word_1_2' title='bbox 847 406 1190 469; x_wconf 76' lang='lat' dir='ltr'>cautstouttutm</span> 
     </span>
    </p>
   </div>
   <div class='ocr_carea' id='block_1_2' title="bbox 220 535 1837 801">
    <p class='ocr_par' dir='ltr' id='par_1_2' title="bbox 220 535 1837 801">
     <span class='ocr_line' id='line_1_2' title="bbox 221 535 1837 629; baseline -0.016 -20"><span class='ocrx_word' id='word_1_3' title='bbox 221 549 395 629; x_wconf 73' lang='grc' dir='ltr'>ίανθοτριχιῑν</span> <span class='ocrx_word' id='word_1_4' title='bbox 405 546 451 606; x_wconf 86' lang='grc' dir='ltr'>καί</span> <span class='ocrx_word' id='word_1_5' title='bbox 459 546 635 623; x_wconf 76' lang='grc' dir='ltr'>λευκοτριχεῖν</span> <span class='ocrx_word' id='word_1_6' title='bbox 643 548 712 601; x_wconf 86' lang='grc' dir='ltr'>ποιεῖ</span> <span class='ocrx_word' id='word_1_7' title='bbox 720 537 1001 615; x_wconf 77' lang='grc' dir='ltr'>λαιομίνουςκαίάλλα</span> <span class='ocrx_word' id='word_1_8' title='bbox 1046 554 1091 589; x_wconf 71' lang='grc' dir='ltr'>ιιια</span> <span class='ocrx_word' id='word_1_9' title='bbox 1112 536 1195 589; x_wconf 83' lang='grc' dir='ltr'>ίιιίνοε</span> <span class='ocrx_word' id='word_1_10' title='bbox 1208 535 1331 606; x_wconf 88' lang='lat' dir='ltr'>albosque</span> <span class='ocrx_word' id='word_1_11' title='bbox 1344 535 1446 599; x_wconf 82' lang='lat' dir='ltr'>reddit,</span> <span class='ocrx_word' id='word_1_12' title='bbox 1462 536 1601 607; x_wconf 90' lang='lat' dir='ltr'>multisque</span> <span class='ocrx_word' id='word_1_13' title='bbox 1619 538 1718 593; x_wconf 77' lang='lat' dir='ltr'>morbis</span> <span class='ocrx_word' id='word_1_14' title='bbox 1741 539 1837 591; x_wconf 62' lang='lat' dir='ltr'>mede.</span> 
     </span>
     <span class='ocr_line' id='line_1_3' title="bbox 220 632 1609 709; baseline -0.024 -14"><span class='ocrx_word' id='word_1_15' title='bbox 220 636 307 695; x_wconf 76' lang='grc' dir='ltr'>πολλὰ</span> <span class='ocrx_word' id='word_1_16' title='bbox 319 636 390 705; x_wconf 86' lang='grc' dir='ltr'>πάθη</span> <span class='ocrx_word' id='word_1_17' title='bbox 404 636 485 692; x_wconf 81' lang='grc' dir='ltr'>ἰᾶται.</span> <span class='ocrx_word' id='word_1_18' title='bbox 1047 632 1098 677; x_wconf 91' lang='lat' dir='ltr'>tur.</span> <span class='ocrx_word' id='word_1_19' title='bbox 1601 696 1609 709; x_wconf 84' lang='lat'>.</span> 
     </span>
     <span class='ocr_line' id='line_1_4' title="bbox 263 709 1832 801; baseline -0.015 -16"><span class='ocrx_word' id='word_1_20' title='bbox 263 745 299 786; x_wconf 82' lang='lat'>17.</span> <span class='ocrx_word' id='word_1_21' title='bbox 320 721 385 783; x_wconf 71' lang='lat' dir='ltr'>‘Ort</span> <span class='ocrx_word' id='word_1_22' title='bbox 397 721 504 801; x_wconf 75' lang='grc' dir='ltr'>Θούριοι</span> <span class='ocrx_word' id='word_1_23' title='bbox 518 719 569 777; x_wconf 82' lang='grc' dir='ltr'>ὑπὸ</span> <span class='ocrx_word' id='word_1_24' title='bbox 586 718 726 779; x_wconf 80' lang='grc' dir='ltr'>Λευκανῶν</span> <span class='ocrx_word' id='word_1_25' title='bbox 744 712 999 793; x_wconf 76' lang='grc' dir='ltr'>ἠνδραποδίσθησαν</span> <span class='ocrx_word' id='word_1_26' title='bbox 1085 726 1126 777; x_wconf 89' lang='grc' dir='ltr'>ι7.</span> <span class='ocrx_word' id='word_1_27' title='bbox 1146 709 1240 762; x_wconf 88' lang='lat' dir='ltr'>Thurii</span> <span class='ocrx_word' id='word_1_28' title='bbox 1263 727 1278 761; x_wconf 85' lang='lat' dir='ltr'>a</span> <span class='ocrx_word' id='word_1_29' title='bbox 1299 711 1412 762; x_wconf 83' lang='lat' dir='ltr'>Lucanis</span> <span class='ocrx_word' id='word_1_30' title='bbox 1432 710 1458 761; x_wconf 91' lang='lat' dir='ltr'>in</span> <span class='ocrx_word' id='word_1_31' title='bbox 1480 710 1629 763; x_wconf 82' lang='lat' dir='ltr'>servitutem</span> <span class='ocrx_word' id='word_1_32' title='bbox 1653 712 1727 765; x_wconf 85' lang='lat' dir='ltr'>tracti</span> <span class='ocrx_word' id='word_1_33' title='bbox 1745 723 1832 775; x_wconf 87' lang='lat' dir='ltr'>sunt;</span> 
     </span>
    </p>
   </div>
   <div class='ocr_carea' id='block_1_3' title="bbox 222 797 1835 887">
    <p class='ocr_par' dir='ltr' id='par_1_3' title="bbox 222 797 1835 887">
     <span class='ocr_line' id='line_1_5' title="bbox 222 797 1835 887; baseline -0.011 -19"><span class='ocrx_word' id='word_1_34' title='bbox 222 808 352 887; x_wconf 68' lang='grc' dir='ltr'>Ῥωμαῖοι</span> <span class='ocrx_word' id='word_1_35' title='bbox 366 812 409 880; x_wconf 84' lang='grc' dir='ltr'>δὲ,</span> <span class='ocrx_word' id='word_1_36' title='bbox 423 807 541 873; x_wconf 81' lang='grc' dir='ltr'>ἐποίκους</span> <span class='ocrx_word' id='word_1_37' title='bbox 556 806 702 870; x_wconf 82' lang='grc' dir='ltr'>στειλαντες</span> <span class='ocrx_word' id='word_1_38' title='bbox 717 806 758 861; x_wconf 85' lang='grc' dir='ltr'>ίπ’</span> <span class='ocrx_word' id='word_1_39' title='bbox 774 798 864 872; x_wconf 70' lang='grc' dir='ltr'>αὐτὴν,</span> <span class='ocrx_word' id='word_1_40' title='bbox 881 799 1002 874; x_wconf 61' lang='lat' dir='ltr'>permed-</span> <span class='ocrx_word' id='word_1_41' title='bbox 1048 797 1158 849; x_wconf 85' lang='lat' dir='ltr'>Ilomaui</span> <span class='ocrx_word' id='word_1_42' title='bbox 1179 814 1255 859; x_wconf 83' lang='lat' dir='ltr'>vero,</span> <span class='ocrx_word' id='word_1_43' title='bbox 1272 797 1355 847; x_wconf 82' lang='lat' dir='ltr'>missis</span> <span class='ocrx_word' id='word_1_44' title='bbox 1376 798 1473 849; x_wconf 86' lang='lat' dir='ltr'>ineam</span> <span class='ocrx_word' id='word_1_45' title='bbox 1488 797 1580 849; x_wconf 89' lang='lat' dir='ltr'>urbem</span> <span class='ocrx_word' id='word_1_46' title='bbox 1594 799 1708 862; x_wconf 85' lang='lat' dir='ltr'>colonis,</span> <span class='ocrx_word' id='word_1_47' title='bbox 1725 809 1835 853; x_wconf 86' lang='lat' dir='ltr'>mutato</span> 
     </span>
    </p>
   </div>
   <div class='ocr_carea' id='block_1_4' title="bbox 223 880 1442 975">
    <p class='ocr_par' dir='ltr' id='par_1_4' title="bbox 223 880 1442 975">
     <span class='ocr_line' id='line_1_6' title="bbox 223 880 1442 975; baseline -0.012 -25"><span class='ocrx_word' id='word_1_48' title='bbox 223 922 311 975; x_wconf 72' lang='grc' dir='ltr'>μασαν</span> <span class='ocrx_word' id='word_1_49' title='bbox 322 899 369 969; x_wconf 59' lang='grc' dir='ltr'>τὴν</span> <span class='ocrx_word' id='word_1_50' title='bbox 384 897 460 955; x_wconf 68' lang='grc' dir='ltr'>πόλιν</span> <span class='ocrx_word' id='word_1_51' title='bbox 474 894 585 959; x_wconf 74' lang='grc' dir='ltr'>Κοπίας,</span> <span class='ocrx_word' id='word_1_52' title='bbox 1047 882 1154 935; x_wconf 87' lang='lat' dir='ltr'>nomine</span> <span class='ocrx_word' id='word_1_53' title='bbox 1165 882 1258 951; x_wconf 87' lang='lat' dir='ltr'>Copias</span> <span class='ocrx_word' id='word_1_54' title='bbox 1273 880 1442 952; x_wconf 78' lang='lat' dir='ltr'>appellarunt,</span> 
     </span>
    </p>
   </div>
   <div class='ocr_carea' id='block_1_5' title="bbox 222 973 1833 1318">
    <p class='ocr_par' dir='ltr' id='par_1_5' title="bbox 222 973 1833 1318">
     <span class='ocr_line' id='line_1_7' title="bbox 264 973 1833 1060; baseline 0.013 -51"><span class='ocrx_word' id='word_1_55' title='bbox 264 1006 300 1045; x_wconf 47' lang='lat'>¹8·</span> <span class='ocrx_word' id='word_1_56' title='bbox 317 983 383 1044; x_wconf 60' lang='grc' dir='ltr'>νοτ,</span> <span class='ocrx_word' id='word_1_57' title='bbox 403 982 471 1058; x_wconf 55' lang='grc' dir='ltr'>μετὰ</span> <span class='ocrx_word' id='word_1_58' title='bbox 484 983 610 1060; x_wconf 61' lang='grc' dir='ltr'>θουργως</span> <span class='ocrx_word' id='word_1_59' title='bbox 625 976 771 1055; x_wconf 63' lang='grc' dir='ltr'>Ἡράκλῃά</span> <span class='ocrx_word' id='word_1_60' title='bbox 794 977 850 1035; x_wconf 72' lang='grc' dir='ltr'>ἐστι</span> <span class='ocrx_word' id='word_1_61' title='bbox 869 974 943 1041; x_wconf 75' lang='grc' dir='ltr'>πόλις</span> <span class='ocrx_word' id='word_1_62' title='bbox 957 973 1003 1032; x_wconf 84' lang='grc' dir='ltr'>καί</span> <span class='ocrx_word' id='word_1_63' title='bbox 1068 1048 1073 1055; x_wconf 26' lang='grc' dir='ltr'>ι</span> <span class='ocrx_word' id='word_1_64' title='bbox 1087 979 1129 1032; x_wconf 84' lang='lat'>18.</span> <span class='ocrx_word' id='word_1_65' title='bbox 1149 978 1211 1029; x_wconf 86' lang='lat' dir='ltr'><strong>Post</strong></span> <span class='ocrx_word' id='word_1_66' title='bbox 1222 977 1337 1028; x_wconf 88' lang='lat' dir='ltr'>Thurios</span> <span class='ocrx_word' id='word_1_67' title='bbox 1348 977 1471 1028; x_wconf 87' lang='lat' dir='ltr'>Heraclea</span> <span class='ocrx_word' id='word_1_68' title='bbox 1485 974 1548 1029; x_wconf 81' lang='lat' dir='ltr'>urbs</span> <span class='ocrx_word' id='word_1_69' title='bbox 1561 987 1614 1041; x_wconf 91' lang='lat' dir='ltr'>est,</span> <span class='ocrx_word' id='word_1_70' title='bbox 1630 994 1661 1029; x_wconf 90' lang='lat' dir='ltr'>ac</span> <span class='ocrx_word' id='word_1_71' title='bbox 1674 988 1734 1048; x_wconf 85' lang='lat' dir='ltr'>post</span> <span class='ocrx_word' id='word_1_72' title='bbox 1745 980 1833 1048; x_wconf 84' lang='lat' dir='ltr'>ipsam</span> 
     </span>
     <span class='ocr_line' id='line_1_8' title="bbox 222 1059 1832 1147; baseline 0.016 -57"><span class='ocrx_word' id='word_1_73' title='bbox 222 1070 280 1147; x_wconf 51' lang='grc' dir='ltr'>μετ,</span> <span class='ocrx_word' id='word_1_74' title='bbox 295 1072 376 1142; x_wconf 41' lang='grc' dir='ltr'>αὐγὴν</span> <span class='ocrx_word' id='word_1_75' title='bbox 398 1068 452 1129; x_wconf 61' lang='grc' dir='ltr'>ἀπὸ</span> <span class='ocrx_word' id='word_1_76' title='bbox 472 1068 584 1127; x_wconf 54' lang='grc' dir='ltr'>σταδγω,</span> <span class='ocrx_word' id='word_1_77' title='bbox 605 1063 632 1141; x_wconf 70' lang='grc' dir='ltr'>μ’</span> <span class='ocrx_word' id='word_1_78' title='bbox 645 1063 825 1125; x_wconf 46' lang='lat' dir='ltr'>mmmm,</span> <span class='ocrx_word' id='word_1_79' title='bbox 841 1065 896 1121; x_wconf 61' lang='lat'>301,</span> <span class='ocrx_word' id='word_1_80' title='bbox 909 1063 1002 1133; x_wconf 62' lang='grc' dir='ltr'>ποἋις,</span> <span class='ocrx_word' id='word_1_81' title='bbox 1048 1059 1138 1113; x_wconf 87' lang='lat' dir='ltr'>stadiis</span> <span class='ocrx_word' id='word_1_82' title='bbox 1169 1061 1274 1113; x_wconf 87' lang='lat' dir='ltr'>circiter</span> <span class='ocrx_word' id='word_1_83' title='bbox 1296 1059 1465 1129; x_wconf 79' lang='lat' dir='ltr'>quadraginta</span> <span class='ocrx_word' id='word_1_84' title='bbox 1493 1062 1683 1133; x_wconf 76' lang='lat' dir='ltr'>Metapontium</span> <span class='ocrx_word' id='word_1_85' title='bbox 1708 1064 1789 1127; x_wconf 85' lang='lat' dir='ltr'>urbs,</span> <span class='ocrx_word' id='word_1_86' title='bbox 1816 1082 1832 1116; x_wconf 81' lang='lat' dir='ltr'>a</span> 
     </span>
     <span class='ocr_line' id='line_1_9' title="bbox 222 1146 1830 1236; baseline -0.003 -27"><span class='ocrx_word' id='word_1_87' title='bbox 222 1164 322 1236; x_wconf 51' lang='lat' dir='ltr'>„laps</span> <span class='ocrx_word' id='word_1_88' title='bbox 338 1158 457 1227; x_wconf 85' lang='grc' dir='ltr'>Πυλίων,</span> <span class='ocrx_word' id='word_1_89' title='bbox 477 1158 529 1214; x_wconf 89' lang='grc' dir='ltr'>τῶν</span> <span class='ocrx_word' id='word_1_90' title='bbox 553 1152 579 1221; x_wconf 74' lang='grc' dir='ltr'>ἐξ</span> <span class='ocrx_word' id='word_1_91' title='bbox 593 1152 670 1213; x_wconf 85' lang='grc' dir='ltr'>Ἰλίου</span> <span class='ocrx_word' id='word_1_92' title='bbox 693 1150 760 1225; x_wconf 80' lang='grc' dir='ltr'>μετὰ</span> <span class='ocrx_word' id='word_1_93' title='bbox 781 1149 909 1227; x_wconf 81' lang='grc' dir='ltr'>Νέστορος</span> <span class='ocrx_word' id='word_1_94' title='bbox 923 1151 1004 1205; x_wconf 82' lang='grc' dir='ltr'>πλευ·</span> <span class='ocrx_word' id='word_1_95' title='bbox 1049 1146 1141 1216; x_wconf 88' lang='lat' dir='ltr'>Pyliis,</span> <span class='ocrx_word' id='word_1_96' title='bbox 1163 1148 1208 1217; x_wconf 90' lang='lat' dir='ltr'>qui</span> <span class='ocrx_word' id='word_1_97' title='bbox 1232 1165 1284 1201; x_wconf 87' lang='lat' dir='ltr'>una</span> <span class='ocrx_word' id='word_1_98' title='bbox 1306 1158 1366 1199; x_wconf 82' lang='lat' dir='ltr'>eum</span> <span class='ocrx_word' id='word_1_99' title='bbox 1391 1149 1500 1201; x_wconf 87' lang='lat' dir='ltr'>Nestore</span> <span class='ocrx_word' id='word_1_100' title='bbox 1523 1148 1555 1203; x_wconf 90' lang='lat' dir='ltr'>ab</span> <span class='ocrx_word' id='word_1_101' title='bbox 1584 1150 1633 1201; x_wconf 91' lang='lat' dir='ltr'>llio</span> <span class='ocrx_word' id='word_1_102' title='bbox 1656 1151 1830 1218; x_wconf 75' lang='lat' dir='ltr'>navigarunt,</span> 
     </span>
     <span class='ocr_line' id='line_1_10' title="bbox 222 1231 1832 1318; baseline -0.009 -15"><span class='ocrx_word' id='word_1_103' title='bbox 222 1251 333 1311; x_wconf 73' lang='grc' dir='ltr'>σάντων·</span> <span class='ocrx_word' id='word_1_104' title='bbox 347 1245 392 1303; x_wconf 85' lang='grc' dir='ltr'>καί</span> <span class='ocrx_word' id='word_1_105' title='bbox 409 1247 532 1303; x_wconf 74' lang='grc' dir='ltr'>τοσούτου</span> <span class='ocrx_word' id='word_1_106' title='bbox 546 1240 597 1299; x_wconf 83' lang='grc' dir='ltr'>ἀπὸ</span> <span class='ocrx_word' id='word_1_107' title='bbox 610 1238 736 1318; x_wconf 78' lang='grc' dir='ltr'>γεωργίας</span> <span class='ocrx_word' id='word_1_108' title='bbox 751 1236 908 1316; x_wconf 80' lang='grc' dir='ltr'>εὐτύχησαν,</span> <span class='ocrx_word' id='word_1_109' title='bbox 925 1238 961 1303; x_wconf 80' lang='grc' dir='ltr'>ὡς</span> <span class='ocrx_word' id='word_1_110' title='bbox 978 1236 1003 1291; x_wconf 76' lang='grc' dir='ltr'>ἐν</span> <span class='ocrx_word' id='word_1_111' title='bbox 1049 1231 1154 1284; x_wconf 84' lang='lat' dir='ltr'>condita</span> <span class='ocrx_word' id='word_1_112' title='bbox 1170 1249 1176 1284; x_wconf 93' lang='lat'>:</span> <span class='ocrx_word' id='word_1_113' title='bbox 1190 1233 1215 1284; x_wconf 92' lang='lat' dir='ltr'>hi</span> <span class='ocrx_word' id='word_1_114' title='bbox 1229 1242 1303 1287; x_wconf 88' lang='lat' dir='ltr'>tanto</span> <span class='ocrx_word' id='word_1_115' title='bbox 1317 1251 1435 1285; x_wconf 88' lang='lat' dir='ltr'>successu</span> <span class='ocrx_word' id='word_1_116' title='bbox 1450 1244 1546 1287; x_wconf 88' lang='lat' dir='ltr'>terram</span> <span class='ocrx_word' id='word_1_117' title='bbox 1560 1234 1713 1299; x_wconf 89' lang='lat' dir='ltr'>coluerunt,</span> <span class='ocrx_word' id='word_1_118' title='bbox 1727 1246 1756 1287; x_wconf 93' lang='lat' dir='ltr'>ut</span> <span class='ocrx_word' id='word_1_119' title='bbox 1771 1236 1832 1289; x_wconf 88' lang='lat' dir='ltr'>Del·</span> 
     </span>
    </p>
   </div>
   <div class='ocr_carea' id='block_1_6' title="bbox 223 1326 1008 2805">
    <p class='ocr_par' dir='ltr' id='par_1_6' title="bbox 223 1326 702 1414">
     <span class='ocr_line' id='line_1_11' title="bbox 223 1326 702 1414; baseline -0.025 -19"><span class='ocrx_word' id='word_1_120' title='bbox 223 1338 333 1414; x_wconf 85' lang='grc' dir='ltr'>Δελφοῐς</span> <span class='ocrx_word' id='word_1_121' title='bbox 348 1334 479 1389; x_wconf 83' lang='grc' dir='ltr'>ἀναθεῖναι</span> <span class='ocrx_word' id='word_1_122' title='bbox 496 1334 609 1407; x_wconf 76' lang='grc' dir='ltr'>χρυσοῦν</span> <span class='ocrx_word' id='word_1_123' title='bbox 624 1326 702 1399; x_wconf 88' lang='grc' dir='ltr'>θέρος.</span> 
     </span>
    </p>

    <p class='ocr_par' dir='ltr' id='par_1_7' title="bbox 224 1406 1008 2805">
     <span class='ocr_line' id='line_1_12' title="bbox 265 1406 1004 1495; baseline -0.024 -14"><span class='ocrx_word' id='word_1_124' title='bbox 265 1442 301 1481; x_wconf 85' lang='grc' dir='ltr'>ιο.</span> <span class='ocrx_word' id='word_1_125' title='bbox 322 1415 388 1477; x_wconf 66' lang='grc' dir='ltr'>Ὀτι</span> <span class='ocrx_word' id='word_1_126' title='bbox 401 1419 454 1473; x_wconf 85' lang='grc' dir='ltr'>τῶν</span> <span class='ocrx_word' id='word_1_127' title='bbox 467 1418 546 1495; x_wconf 84' lang='grc' dir='ltr'>τριῶν</span> <span class='ocrx_word' id='word_1_128' title='bbox 560 1415 679 1489; x_wconf 83' lang='grc' dir='ltr'>πλευρῶν</span> <span class='ocrx_word' id='word_1_129' title='bbox 699 1414 745 1481; x_wconf 70' lang='grc' dir='ltr'>τῆς</span> <span class='ocrx_word' id='word_1_130' title='bbox 766 1408 888 1477; x_wconf 80' lang='grc' dir='ltr'>Σικελίας</span> <span class='ocrx_word' id='word_1_131' title='bbox 907 1406 938 1465; x_wconf 75' lang='lat' dir='ltr'>ri</span> <span class='ocrx_word' id='word_1_132' title='bbox 957 1406 1004 1483; x_wconf 86' lang='grc' dir='ltr'>μέν</span> 
     </span>
     <span class='ocr_line' id='line_1_13' title="bbox 224 1494 1004 1586; baseline -0.029 -14"><span class='ocrx_word' id='word_1_133' title='bbox 224 1509 357 1586; x_wconf 80' lang='grc' dir='ltr'>μέγιστον,</span> <span class='ocrx_word' id='word_1_134' title='bbox 377 1502 472 1579; x_wconf 78' lang='grc' dir='ltr'>μεταξύ</span> <span class='ocrx_word' id='word_1_135' title='bbox 497 1500 645 1578; x_wconf 86' lang='grc' dir='ltr'>Πελωρίδος</span> <span class='ocrx_word' id='word_1_136' title='bbox 667 1499 712 1558; x_wconf 82' lang='grc' dir='ltr'>καί</span> <span class='ocrx_word' id='word_1_137' title='bbox 733 1496 895 1568; x_wconf 77' lang='grc' dir='ltr'>Λιλυύαίου,</span> <span class='ocrx_word' id='word_1_138' title='bbox 911 1494 1004 1570; x_wconf 90' lang='grc' dir='ltr'>κυρτόν</span> 
     </span>
     <span class='ocr_line' id='line_1_14' title="bbox 225 1578 1005 1670; baseline -0.024 -15"><span class='ocrx_word' id='word_1_139' title='bbox 225 1600 295 1668; x_wconf 75' lang='grc' dir='ltr'>ἐστι,</span> <span class='ocrx_word' id='word_1_140' title='bbox 310 1592 421 1652; x_wconf 82' lang='grc' dir='ltr'>σταδίων</span> <span class='ocrx_word' id='word_1_141' title='bbox 445 1587 526 1670; x_wconf 46' lang='lat' dir='ltr'>pff·</span> <span class='ocrx_word' id='word_1_142' title='bbox 549 1587 583 1644; x_wconf 88' lang='grc' dir='ltr'>τδι</span> <span class='ocrx_word' id='word_1_143' title='bbox 606 1586 633 1645; x_wconf 81' lang='grc' dir='ltr'>δὲ</span> <span class='ocrx_word' id='word_1_144' title='bbox 650 1586 697 1644; x_wconf 90' lang='grc' dir='ltr'>δύο</span> <span class='ocrx_word' id='word_1_145' title='bbox 714 1584 791 1643; x_wconf 87' lang='grc' dir='ltr'>κοῖλά</span> <span class='ocrx_word' id='word_1_146' title='bbox 810 1607 875 1648; x_wconf 85' lang='grc' dir='ltr'>ποις.</span> <span class='ocrx_word' id='word_1_147' title='bbox 919 1581 954 1640; x_wconf 89' lang='grc' dir='ltr'><strong><em>Ἡ</em></strong></span> <span class='ocrx_word' id='word_1_148' title='bbox 978 1578 1005 1637; x_wconf 80' lang='grc' dir='ltr'>δὲ</span> 
     </span>
     <span class='ocr_line' id='line_1_15' title="bbox 225 1666 1005 1759; baseline -0.026 -18"><span class='ocrx_word' id='word_1_149' title='bbox 225 1679 322 1759; x_wconf 79' lang='grc' dir='ltr'>μεταξὺ</span> <span class='ocrx_word' id='word_1_150' title='bbox 347 1676 472 1757; x_wconf 79' lang='grc' dir='ltr'>Παχύνου</span> <span class='ocrx_word' id='word_1_151' title='bbox 502 1674 547 1733; x_wconf 85' lang='grc' dir='ltr'>καί</span> <span class='ocrx_word' id='word_1_152' title='bbox 571 1674 721 1751; x_wconf 86' lang='grc' dir='ltr'>Πελωρίδας</span> <span class='ocrx_word' id='word_1_153' title='bbox 744 1670 869 1748; x_wconf 77' lang='grc' dir='ltr'>ἐλαχίστη</span> <span class='ocrx_word' id='word_1_154' title='bbox 894 1666 1005 1726; x_wconf 84' lang='grc' dir='ltr'>σταδίων</span> 
     </span>
     <span class='ocr_line' id='line_1_16' title="bbox 226 1752 1005 1848; baseline -0.022 -21"><span class='ocrx_word' id='word_1_155' title='bbox 226 1766 303 1848; x_wconf 48' lang='lat' dir='ltr'>,ephi</span> <span class='ocrx_word' id='word_1_156' title='bbox 317 1770 332 1823; x_wconf 84' lang='grc' dir='ltr'>δ</span> <span class='ocrx_word' id='word_1_157' title='bbox 345 1764 374 1823; x_wconf 85' lang='grc' dir='ltr'>δὲ</span> <span class='ocrx_word' id='word_1_158' title='bbox 387 1764 527 1843; x_wconf 80' lang='grc' dir='ltr'>περίπλους</span> <span class='ocrx_word' id='word_1_159' title='bbox 539 1763 651 1818; x_wconf 85' lang='grc' dir='ltr'>σταδίων</span> <span class='ocrx_word' id='word_1_160' title='bbox 667 1756 725 1837; x_wconf 64' lang='grc' dir='ltr'>δυ’·</span> <span class='ocrx_word' id='word_1_161' title='bbox 741 1758 794 1816; x_wconf 76' lang='grc' dir='ltr'>ἀπὸ</span> <span class='ocrx_word' id='word_1_162' title='bbox 813 1756 840 1814; x_wconf 83' lang='grc' dir='ltr'>δὲ</span> <span class='ocrx_word' id='word_1_163' title='bbox 861 1752 1005 1815; x_wconf 78' lang='grc' dir='ltr'>Λιλυθαίου</span> 
     </span>
     <span class='ocr_line' id='line_1_17' title="bbox 226 1840 1004 1930; baseline -0.022 -13"><span class='ocrx_word' id='word_1_164' title='bbox 226 1861 262 1924; x_wconf 79' lang='grc' dir='ltr'>εἰς</span> <span class='ocrx_word' id='word_1_165' title='bbox 281 1857 329 1927; x_wconf 75' lang='grc' dir='ltr'>τὴν</span> <span class='ocrx_word' id='word_1_166' title='bbox 349 1840 451 1926; x_wconf 78' lang='grc' dir='ltr'>Λιθύην</span> <span class='ocrx_word' id='word_1_167' title='bbox 472 1853 502 1911; x_wconf 82' lang='grc' dir='ltr'>τὸ</span> <span class='ocrx_word' id='word_1_168' title='bbox 520 1853 618 1928; x_wconf 81' lang='grc' dir='ltr'>δίαρμα</span> <span class='ocrx_word' id='word_1_169' title='bbox 639 1850 740 1908; x_wconf 82' lang='grc' dir='ltr'>στάδιοι</span> <span class='ocrx_word' id='word_1_170' title='bbox 753 1848 809 1930; x_wconf 69' lang='grc' dir='ltr'>ἀφ’</span> <span class='ocrx_word' id='word_1_171' title='bbox 822 1847 1004 1924; x_wconf 76' lang='grc' dir='ltr'>τούλάχιστον.</span> 
     </span>
     <span class='ocr_line' id='line_1_18' title="bbox 226 1932 1005 2019; baseline -0.022 -16"><span class='ocrx_word' id='word_1_172' title='bbox 226 1945 282 2005; x_wconf 79' lang='grc' dir='ltr'>Καὶ</span> <span class='ocrx_word' id='word_1_173' title='bbox 300 1947 351 2002; x_wconf 87' lang='grc' dir='ltr'>τῶν</span> <span class='ocrx_word' id='word_1_174' title='bbox 365 1939 571 2019; x_wconf 79' lang='grc' dir='ltr'>θξυδορκούντων</span> <span class='ocrx_word' id='word_1_175' title='bbox 589 1960 627 2003; x_wconf 91' lang='grc' dir='ltr'>τις</span> <span class='ocrx_word' id='word_1_176' title='bbox 640 1935 692 1995; x_wconf 66' lang='lat' dir='ltr'>aad</span> <span class='ocrx_word' id='word_1_177' title='bbox 706 1958 772 2001; x_wconf 90' lang='grc' dir='ltr'>τινος</span> <span class='ocrx_word' id='word_1_178' title='bbox 790 1944 899 1998; x_wconf 84' lang='grc' dir='ltr'>σκοπιᾶς</span> <span class='ocrx_word' id='word_1_179' title='bbox 913 1932 965 1997; x_wconf 81' lang='grc' dir='ltr'>τοῖς</span> <span class='ocrx_word' id='word_1_180' title='bbox 980 1933 1005 1987; x_wconf 81' lang='grc' dir='ltr'>ἐν</span> 
     </span>
     <span class='ocr_line' id='line_1_19' title="bbox 226 2019 1004 2109; baseline -0.021 -16"><span class='ocrx_word' id='word_1_181' title='bbox 226 2030 364 2109; x_wconf 80' lang='grc' dir='ltr'>Λιλυθαίιρ</span> <span class='ocrx_word' id='word_1_182' title='bbox 389 2026 549 2105; x_wconf 76' lang='grc' dir='ltr'>ἀπαγγέλλει</span> <span class='ocrx_word' id='word_1_183' title='bbox 565 2025 609 2083; x_wconf 80' lang='grc' dir='ltr'>τὸν</span> <span class='ocrx_word' id='word_1_184' title='bbox 633 2023 741 2102; x_wconf 85' lang='grc' dir='ltr'>οίριθμδν</span> <span class='ocrx_word' id='word_1_185' title='bbox 759 2026 810 2081; x_wconf 89' lang='grc' dir='ltr'>τῶν</span> <span class='ocrx_word' id='word_1_186' title='bbox 828 2020 880 2081; x_wconf 66' lang='lat' dir='ltr'>aab</span> <span class='ocrx_word' id='word_1_187' title='bbox 902 2019 1004 2089; x_wconf 77' lang='grc' dir='ltr'>Λιύύης</span> 
     </span>
     <span class='ocr_line' id='line_1_20' title="bbox 226 2105 1007 2197; baseline -0.019 -20"><span class='ocrx_word' id='word_1_188' title='bbox 226 2122 336 2197; x_wconf 87' lang='grc' dir='ltr'>σκαφῶν</span> <span class='ocrx_word' id='word_1_189' title='bbox 361 2116 540 2194; x_wconf 79' lang='grc' dir='ltr'>ἀναγομένων.</span> <span class='ocrx_word' id='word_1_190' title='bbox 584 2110 678 2177; x_wconf 80' lang='grc' dir='ltr'>ΙΙολεις</span> <span class='ocrx_word' id='word_1_191' title='bbox 699 2109 727 2168; x_wconf 90' lang='grc' dir='ltr'>δέ</span> <span class='ocrx_word' id='word_1_192' title='bbox 749 2112 799 2166; x_wconf 85' lang='grc' dir='ltr'>εἰσι</span> <span class='ocrx_word' id='word_1_193' title='bbox 819 2107 888 2165; x_wconf 79' lang='grc' dir='ltr'>κατὰ</span> <span class='ocrx_word' id='word_1_194' title='bbox 907 2106 954 2183; x_wconf 83' lang='grc' dir='ltr'>μίν</span> <span class='ocrx_word' id='word_1_195' title='bbox 977 2105 1007 2163; x_wconf 81' lang='grc' dir='ltr'>τὸ</span> 
     </span>
     <span class='ocr_line' id='line_1_21' title="bbox 227 2185 1007 2280; baseline -0.019 -16"><span class='ocrx_word' id='word_1_196' title='bbox 227 2204 380 2263; x_wconf 76' lang='grc' dir='ltr'>ἀνατολικὸν</span> <span class='ocrx_word' id='word_1_197' title='bbox 396 2203 507 2280; x_wconf 84' lang='grc' dir='ltr'>πλευρὸν</span> <span class='ocrx_word' id='word_1_198' title='bbox 527 2198 656 2268; x_wconf 80' lang='grc' dir='ltr'>Μεσσήνη</span> <span class='ocrx_word' id='word_1_199' title='bbox 672 2197 840 2275; x_wconf 85' lang='grc' dir='ltr'>βορειοτάτη,</span> <span class='ocrx_word' id='word_1_200' title='bbox 856 2185 913 2253; x_wconf 77' lang='grc' dir='ltr'>εἶτα</span> <span class='ocrx_word' id='word_1_201' title='bbox 931 2199 1007 2254; x_wconf 85' lang='grc' dir='ltr'>Ταυ-</span> 
     </span>
     <span class='ocr_line' id='line_1_22' title="bbox 228 2279 1007 2371; baseline -0.018 -19"><span class='ocrx_word' id='word_1_202' title='bbox 228 2279 427 2371; x_wconf 61' lang='lat' dir='ltr'>pertitinaciter</span> <span class='ocrx_word' id='word_1_203' title='bbox 446 2289 574 2363; x_wconf 79' lang='grc' dir='ltr'>Κατάνη,</span> <span class='ocrx_word' id='word_1_204' title='bbox 589 2284 689 2360; x_wconf 78' lang='grc' dir='ltr'>Νάξος,</span> <span class='ocrx_word' id='word_1_205' title='bbox 705 2288 832 2361; x_wconf 87' lang='grc' dir='ltr'>Μέγαρα,</span> <span class='ocrx_word' id='word_1_206' title='bbox 851 2282 1007 2359; x_wconf 77' lang='grc' dir='ltr'>Συράκουσ-</span> 
     </span>
     <span class='ocr_line' id='line_1_23' title="bbox 227 2367 1007 2453; baseline -0.023 -10"><span class='ocrx_word' id='word_1_207' title='bbox 227 2403 284 2443; x_wconf 83' lang='grc' dir='ltr'>σαι.</span> <span class='ocrx_word' id='word_1_208' title='bbox 327 2381 362 2439; x_wconf 81' lang='lat' dir='ltr'>‘ll</span> <span class='ocrx_word' id='word_1_209' title='bbox 377 2378 405 2437; x_wconf 71' lang='lat' dir='ltr'>il</span> <span class='ocrx_word' id='word_1_210' title='bbox 418 2376 547 2447; x_wconf 74' lang='grc' dir='ltr'>Μεσσήνη</span> <span class='ocrx_word' id='word_1_211' title='bbox 562 2372 687 2453; x_wconf 70' lang='grc' dir='ltr'>πρότερον</span> <span class='ocrx_word' id='word_1_212' title='bbox 702 2372 811 2447; x_wconf 87' lang='grc' dir='ltr'>Ζάγκλη</span> <span class='ocrx_word' id='word_1_213' title='bbox 829 2373 947 2429; x_wconf 80' lang='grc' dir='ltr'>ἐκαλεῖτο</span> <span class='ocrx_word' id='word_1_214' title='bbox 964 2367 1007 2425; x_wconf 74' lang='lat' dir='ltr'>td</span> 
     </span>
     <span class='ocr_line' id='line_1_24' title="bbox 227 2455 1008 2539; baseline -0.018 -13"><span class='ocrx_word' id='word_1_215' title='bbox 227 2468 275 2539; x_wconf 76' lang='grc' dir='ltr'>τὴν</span> <span class='ocrx_word' id='word_1_216' title='bbox 292 2472 337 2526; x_wconf 77' lang='grc' dir='ltr'>τοῦ</span> <span class='ocrx_word' id='word_1_217' title='bbox 353 2465 433 2525; x_wconf 84' lang='grc' dir='ltr'>τόπου</span> <span class='ocrx_word' id='word_1_218' title='bbox 453 2461 620 2531; x_wconf 84' lang='grc' dir='ltr'>σκολιότητα.</span> <span class='ocrx_word' id='word_1_219' title='bbox 662 2460 801 2518; x_wconf 81' lang='grc' dir='ltr'>Δείκνυται</span> <span class='ocrx_word' id='word_1_220' title='bbox 819 2457 846 2514; x_wconf 84' lang='grc' dir='ltr'>δὲ</span> <span class='ocrx_word' id='word_1_221' title='bbox 860 2456 905 2514; x_wconf 87' lang='grc' dir='ltr'>καί</span> <span class='ocrx_word' id='word_1_222' title='bbox 919 2462 935 2528; x_wconf 74' lang='grc' dir='ltr'>ἡ</span> <span class='ocrx_word' id='word_1_223' title='bbox 951 2455 1008 2517; x_wconf 78' lang='grc' dir='ltr'>Χοί-</span> 
     </span>
     <span class='ocr_line' id='line_1_25' title="bbox 228 2546 1006 2635; baseline -0.023 -19"><span class='ocrx_word' id='word_1_224' title='bbox 228 2555 317 2635; x_wconf 80' lang='grc' dir='ltr'>ρυθδις</span> <span class='ocrx_word' id='word_1_225' title='bbox 338 2551 431 2631; x_wconf 77' lang='grc' dir='ltr'>μικρὸν</span> <span class='ocrx_word' id='word_1_226' title='bbox 454 2549 506 2628; x_wconf 83' lang='grc' dir='ltr'>πρὸ</span> <span class='ocrx_word' id='word_1_227' title='bbox 528 2553 576 2619; x_wconf 73' lang='grc' dir='ltr'>τῆς</span> <span class='ocrx_word' id='word_1_228' title='bbox 600 2546 743 2615; x_wconf 75' lang='grc' dir='ltr'>Μεσσήνης</span> <span class='ocrx_word' id='word_1_229' title='bbox 766 2546 792 2603; x_wconf 80' lang='grc' dir='ltr'>ἐν</span> <span class='ocrx_word' id='word_1_230' title='bbox 820 2547 857 2621; x_wconf 79' lang='grc' dir='ltr'>τῷ</span> <span class='ocrx_word' id='word_1_231' title='bbox 880 2546 1006 2622; x_wconf 80' lang='grc' dir='ltr'>πορθμῷ,</span> 
     </span>
     <span class='ocr_line' id='line_1_26' title="bbox 229 2630 1008 2719; baseline -0.021 -17"><span class='ocrx_word' id='word_1_232' title='bbox 229 2642 307 2719; x_wconf 81' lang='grc' dir='ltr'>βάθος</span> <span class='ocrx_word' id='word_1_233' title='bbox 321 2639 441 2710; x_wconf 78' lang='grc' dir='ltr'>ἐξαίσιον,</span> <span class='ocrx_word' id='word_1_234' title='bbox 454 2640 489 2703; x_wconf 85' lang='grc' dir='ltr'>είς</span> <span class='ocrx_word' id='word_1_235' title='bbox 503 2635 517 2695; x_wconf 86' lang='grc' dir='ltr'>θ</span> <span class='ocrx_word' id='word_1_236' title='bbox 531 2639 558 2695; x_wconf 83' lang='grc' dir='ltr'>αἱ</span> <span class='ocrx_word' id='word_1_237' title='bbox 572 2633 725 2713; x_wconf 77' lang='grc' dir='ltr'>παλίρροιαν</span> <span class='ocrx_word' id='word_1_238' title='bbox 737 2636 782 2689; x_wconf 80' lang='grc' dir='ltr'>τοῦ</span> <span class='ocrx_word' id='word_1_239' title='bbox 798 2636 914 2708; x_wconf 77' lang='grc' dir='ltr'>πορθμοῦ</span> <span class='ocrx_word' id='word_1_240' title='bbox 926 2630 1008 2687; x_wconf 88' lang='grc' dir='ltr'>κατοί-</span> 
     </span>
     <span class='ocr_line' id='line_1_27' title="bbox 228 2715 1008 2805; baseline -0.017 -20"><span class='ocrx_word' id='word_1_241' title='bbox 228 2749 316 2805; x_wconf 89' lang='grc' dir='ltr'>γουσιν</span> <span class='ocrx_word' id='word_1_242' title='bbox 344 2727 443 2803; x_wconf 82' lang='grc' dir='ltr'>εὐφυῶς</span> <span class='ocrx_word' id='word_1_243' title='bbox 467 2723 500 2781; x_wconf 72' lang='grc' dir='ltr'>τ’δι</span> <span class='ocrx_word' id='word_1_244' title='bbox 524 2722 613 2798; x_wconf 75' lang='grc' dir='ltr'>σκάφη</span> <span class='ocrx_word' id='word_1_245' title='bbox 636 2718 847 2799; x_wconf 81' lang='grc' dir='ltr'>τραχηλιζόμενα</span> <span class='ocrx_word' id='word_1_246' title='bbox 871 2715 937 2792; x_wconf 80' lang='grc' dir='ltr'>μετὰ</span> <span class='ocrx_word' id='word_1_247' title='bbox 960 2739 1008 2773; x_wconf 90' lang='grc' dir='ltr'>συ-</span> 
     </span>
    </p>
   </div>
   <div class='ocr_carea' id='block_1_7' title="bbox 1049 1318 1837 2691">
    <p class='ocr_par' dir='ltr' id='par_1_8' title="bbox 1049 1318 1551 1389">
     <span class='ocr_line' id='line_1_28' title="bbox 1049 1318 1551 1389; baseline 0.012 -20"><span class='ocrx_word' id='word_1_248' title='bbox 1049 1318 1109 1389; x_wconf 89' lang='lat' dir='ltr'>pbis</span> <span class='ocrx_word' id='word_1_249' title='bbox 1121 1318 1298 1373; x_wconf 83' lang='lat' dir='ltr'>dedicaverint</span> <span class='ocrx_word' id='word_1_250' title='bbox 1311 1337 1416 1371; x_wconf 81' lang='lat' dir='ltr'>auream</span> <span class='ocrx_word' id='word_1_251' title='bbox 1428 1330 1551 1375; x_wconf 80' lang='lat' dir='ltr'>aestatem.</span> 
     </span>
    </p>

    <p class='ocr_par' dir='ltr' id='par_1_9' title="bbox 1049 1404 1837 2691">
     <span class='ocr_line' id='line_1_29' title="bbox 1090 1404 1830 1473; baseline 0.007 -17"><span class='ocrx_word' id='word_1_252' title='bbox 1090 1421 1130 1473; x_wconf 90' lang='lat'>19.</span> <span class='ocrx_word' id='word_1_253' title='bbox 1151 1406 1173 1457; x_wconf 89' lang='lat' dir='ltr'>E</span> <span class='ocrx_word' id='word_1_254' title='bbox 1187 1404 1269 1457; x_wconf 90' lang='lat' dir='ltr'>trihus</span> <span class='ocrx_word' id='word_1_255' title='bbox 1280 1405 1404 1456; x_wconf 88' lang='lat' dir='ltr'>lateribus</span> <span class='ocrx_word' id='word_1_256' title='bbox 1416 1404 1507 1458; x_wconf 80' lang='lat' dir='ltr'>Siciliae</span> <span class='ocrx_word' id='word_1_257' title='bbox 1521 1408 1680 1469; x_wconf 76' lang='lat' dir='ltr'>mximum,</span> <span class='ocrx_word' id='word_1_258' title='bbox 1697 1408 1766 1461; x_wconf 82' lang='lat' dir='ltr'>inter</span> <span class='ocrx_word' id='word_1_259' title='bbox 1783 1412 1830 1461; x_wconf 90' lang='lat' dir='ltr'>Pe·</span> 
     </span>
     <span class='ocr_line' id='line_1_30' title="bbox 1049 1488 1829 1563; baseline 0.009 -21"><span class='ocrx_word' id='word_1_260' title='bbox 1049 1489 1135 1544; x_wconf 91' lang='lat' dir='ltr'>lorum</span> <span class='ocrx_word' id='word_1_261' title='bbox 1156 1502 1180 1542; x_wconf 89' lang='lat' dir='ltr'>et</span> <span class='ocrx_word' id='word_1_262' title='bbox 1199 1490 1343 1561; x_wconf 82' lang='lat' dir='ltr'>Lilybaeum</span> <span class='ocrx_word' id='word_1_263' title='bbox 1353 1488 1456 1560; x_wconf 78' lang='lat' dir='ltr'>jacam,</span> <span class='ocrx_word' id='word_1_264' title='bbox 1479 1510 1589 1545; x_wconf 88' lang='lat' dir='ltr'>curvum</span> <span class='ocrx_word' id='word_1_265' title='bbox 1608 1504 1661 1563; x_wconf 88' lang='lat' dir='ltr'>est,</span> <span class='ocrx_word' id='word_1_266' title='bbox 1683 1494 1829 1554; x_wconf 85' lang='lat' dir='ltr'>stadiorum</span> 
     </span>
     <span class='ocr_line' id='line_1_31' title="bbox 1052 1576 1829 1647; baseline 0.008 -20"><span class='ocrx_word' id='word_1_267' title='bbox 1052 1576 1120 1628; x_wconf 88' lang='lat' dir='ltr'>mille</span> <span class='ocrx_word' id='word_1_268' title='bbox 1135 1578 1358 1647; x_wconf 81' lang='lat' dir='ltr'>septingentorum</span> <span class='ocrx_word' id='word_1_269' title='bbox 1374 1578 1480 1644; x_wconf 75' lang='lat' dir='ltr'>viginti3</span> <span class='ocrx_word' id='word_1_270' title='bbox 1496 1576 1593 1647; x_wconf 86' lang='lat' dir='ltr'>reliqua</span> <span class='ocrx_word' id='word_1_271' title='bbox 1604 1579 1658 1631; x_wconf 90' lang='lat' dir='ltr'>duo</span> <span class='ocrx_word' id='word_1_272' title='bbox 1669 1598 1799 1643; x_wconf 79' lang='lat' dir='ltr'>concava,</span> <span class='ocrx_word' id='word_1_273' title='bbox 1815 1600 1829 1633; x_wconf 90' lang='lat' dir='ltr'>e</span> 
     </span>
     <span class='ocr_line' id='line_1_32' title="bbox 1052 1660 1825 1735; baseline 0.006 -22"><span class='ocrx_word' id='word_1_274' title='bbox 1052 1662 1148 1731; x_wconf 90' lang='lat' dir='ltr'>quibus</span> <span class='ocrx_word' id='word_1_275' title='bbox 1170 1660 1198 1713; x_wconf 92' lang='lat' dir='ltr'>id</span> <span class='ocrx_word' id='word_1_276' title='bbox 1221 1660 1292 1733; x_wconf 90' lang='lat' dir='ltr'>quod</span> <span class='ocrx_word' id='word_1_277' title='bbox 1312 1662 1380 1715; x_wconf 88' lang='lat' dir='ltr'>inter</span> <span class='ocrx_word' id='word_1_278' title='bbox 1400 1662 1551 1733; x_wconf 88' lang='lat' dir='ltr'>Pachynum</span> <span class='ocrx_word' id='word_1_279' title='bbox 1571 1675 1597 1715; x_wconf 92' lang='lat' dir='ltr'>ct</span> <span class='ocrx_word' id='word_1_280' title='bbox 1612 1664 1733 1717; x_wconf 82' lang='lat' dir='ltr'>Pelorum</span> <span class='ocrx_word' id='word_1_281' title='bbox 1746 1666 1825 1735; x_wconf 82' lang='lat' dir='ltr'>jacet,</span> 
     </span>
     <span class='ocr_line' id='line_1_33' title="bbox 1053 1745 1825 1817; baseline 0.005 -18"><span class='ocrx_word' id='word_1_282' title='bbox 1053 1747 1191 1799; x_wconf 89' lang='lat' dir='ltr'>minimum</span> <span class='ocrx_word' id='word_1_283' title='bbox 1206 1757 1261 1815; x_wconf 83' lang='lat' dir='ltr'>est,</span> <span class='ocrx_word' id='word_1_284' title='bbox 1276 1745 1420 1799; x_wconf 86' lang='lat' dir='ltr'>stadiorum</span> <span class='ocrx_word' id='word_1_285' title='bbox 1441 1748 1520 1810; x_wconf 75' lang='lat'><em>11303</em></span> <span class='ocrx_word' id='word_1_286' title='bbox 1537 1750 1665 1817; x_wconf 81' lang='lat' dir='ltr'>navigatio</span> <span class='ocrx_word' id='word_1_287' title='bbox 1678 1751 1825 1804; x_wconf 84' lang='lat' dir='ltr'>incircuitu</span> 
     </span>
     <span class='ocr_line' id='line_1_34' title="bbox 1050 1830 1828 1903; baseline 0.008 -21"><span class='ocrx_word' id='word_1_288' title='bbox 1050 1831 1193 1883; x_wconf 85' lang='lat' dir='ltr'>stadiorum</span> <span class='ocrx_word' id='word_1_289' title='bbox 1213 1843 1251 1884; x_wconf 88' lang='lat' dir='ltr'>est</span> <span class='ocrx_word' id='word_1_290' title='bbox 1270 1834 1348 1894; x_wconf 68' lang='lat' dir='ltr'>hino.</span> <span class='ocrx_word' id='word_1_291' title='bbox 1388 1834 1410 1884; x_wconf 78' lang='grc' dir='ltr'>λ</span> <span class='ocrx_word' id='word_1_292' title='bbox 1432 1830 1546 1903; x_wconf 76' lang='lat' dir='ltr'>Lilybaeo</span> <span class='ocrx_word' id='word_1_293' title='bbox 1568 1844 1655 1885; x_wconf 86' lang='lat' dir='ltr'>autem</span> <span class='ocrx_word' id='word_1_294' title='bbox 1669 1836 1697 1885; x_wconf 92' lang='lat' dir='ltr'>in</span> <span class='ocrx_word' id='word_1_295' title='bbox 1720 1834 1828 1893; x_wconf 78' lang='lat' dir='ltr'>¹liricam</span> 
     </span>
     <span class='ocr_line' id='line_1_35' title="bbox 1052 1916 1830 1989; baseline 0.005 -20"><span class='ocrx_word' id='word_1_296' title='bbox 1052 1919 1218 1971; x_wconf 87' lang='lat' dir='ltr'>brevissimus</span> <span class='ocrx_word' id='word_1_297' title='bbox 1237 1919 1359 1989; x_wconf 85' lang='lat' dir='ltr'>trajectus</span> <span class='ocrx_word' id='word_1_298' title='bbox 1380 1916 1525 1971; x_wconf 89' lang='lat' dir='ltr'>stadiorum</span> <span class='ocrx_word' id='word_1_299' title='bbox 1550 1930 1588 1971; x_wconf 83' lang='lat' dir='ltr'>est</span> <span class='ocrx_word' id='word_1_300' title='bbox 1609 1918 1685 1974; x_wconf 85' lang='lat'>1500.</span> <span class='ocrx_word' id='word_1_301' title='bbox 1715 1922 1830 1988; x_wconf 82' lang='lat' dir='ltr'><strong>Quidam</strong></span> 
     </span>
     <span class='ocr_line' id='line_1_36' title="bbox 1051 2005 1832 2079; baseline 0.005 -22"><span class='ocrx_word' id='word_1_302' title='bbox 1051 2007 1105 2057; x_wconf 87' lang='lat' dir='ltr'>acie</span> <span class='ocrx_word' id='word_1_303' title='bbox 1126 2007 1264 2058; x_wconf 90' lang='lat' dir='ltr'>oculorum</span> <span class='ocrx_word' id='word_1_304' title='bbox 1281 2006 1390 2074; x_wconf 84' lang='lat' dir='ltr'>insigni,</span> <span class='ocrx_word' id='word_1_305' title='bbox 1409 2005 1536 2075; x_wconf 87' lang='lat' dir='ltr'>especula</span> <span class='ocrx_word' id='word_1_306' title='bbox 1547 2006 1659 2075; x_wconf 89' lang='lat' dir='ltr'>quadam</span> <span class='ocrx_word' id='word_1_307' title='bbox 1674 2006 1701 2059; x_wconf 91' lang='lat' dir='ltr'>in</span> <span class='ocrx_word' id='word_1_308' title='bbox 1717 2008 1832 2079; x_wconf 78' lang='lat' dir='ltr'>Lilybaeo</span> 
     </span>
     <span class='ocr_line' id='line_1_37' title="bbox 1051 2091 1829 2161; baseline 0.005 -18"><span class='ocrx_word' id='word_1_309' title='bbox 1051 2108 1189 2143; x_wconf 89' lang='lat' dir='ltr'>numerum</span> <span class='ocrx_word' id='word_1_310' title='bbox 1202 2092 1309 2143; x_wconf 86' lang='lat' dir='ltr'>narium</span> <span class='ocrx_word' id='word_1_311' title='bbox 1324 2108 1338 2142; x_wconf 91' lang='lat' dir='ltr'>a</span> <span class='ocrx_word' id='word_1_312' title='bbox 1351 2091 1431 2161; x_wconf 89' lang='lat' dir='ltr'>Libya</span> <span class='ocrx_word' id='word_1_313' title='bbox 1442 2091 1597 2144; x_wconf 88' lang='lat' dir='ltr'>solventium</span> <span class='ocrx_word' id='word_1_314' title='bbox 1612 2092 1727 2146; x_wconf 80' lang='lat' dir='ltr'>nunciat.</span> <span class='ocrx_word' id='word_1_315' title='bbox 1744 2094 1829 2147; x_wconf 87' lang='lat' dir='ltr'>Urhes</span> 
     </span>
     <span class='ocr_line' id='line_1_38' title="bbox 1052 2176 1832 2247; baseline 0.003 -18"><span class='ocrx_word' id='word_1_316' title='bbox 1052 2178 1078 2229; x_wconf 91' lang='lat' dir='ltr'>in</span> <span class='ocrx_word' id='word_1_317' title='bbox 1094 2178 1143 2229; x_wconf 83' lang='lat' dir='ltr'>hac</span> <span class='ocrx_word' id='word_1_318' title='bbox 1155 2188 1232 2241; x_wconf 86' lang='lat' dir='ltr'>sunt,</span> <span class='ocrx_word' id='word_1_319' title='bbox 1254 2177 1286 2230; x_wconf 91' lang='lat' dir='ltr'>ab</span> <span class='ocrx_word' id='word_1_320' title='bbox 1308 2178 1425 2229; x_wconf 76' lang='lat' dir='ltr'>orientali</span> <span class='ocrx_word' id='word_1_321' title='bbox 1450 2176 1556 2247; x_wconf 90' lang='lat' dir='ltr'>quidem</span> <span class='ocrx_word' id='word_1_322' title='bbox 1581 2178 1675 2247; x_wconf 87' lang='lat' dir='ltr'>latere,</span> <span class='ocrx_word' id='word_1_323' title='bbox 1694 2180 1832 2244; x_wconf 86' lang='lat' dir='ltr'>Messana,</span> 
     </span>
     <span class='ocr_line' id='line_1_39' title="bbox 1051 2262 1833 2333; baseline 0.004 -19"><span class='ocrx_word' id='word_1_324' title='bbox 1051 2264 1258 2333; x_wconf 87' lang='lat' dir='ltr'>septentrionalis</span> <span class='ocrx_word' id='word_1_325' title='bbox 1268 2266 1397 2327; x_wconf 81' lang='lat' dir='ltr'>maxime,</span> <span class='ocrx_word' id='word_1_326' title='bbox 1410 2262 1506 2316; x_wconf 87' lang='lat' dir='ltr'>deinde</span> <span class='ocrx_word' id='word_1_327' title='bbox 1516 2266 1721 2318; x_wconf 84' lang='lat' dir='ltr'>Tauromenium</span> <span class='ocrx_word' id='word_1_328' title='bbox 1734 2274 1759 2317; x_wconf 69' lang='lat' dir='ltr'>m</span> <span class='ocrx_word' id='word_1_329' title='bbox 1771 2285 1833 2317; x_wconf 81' lang='lat' dir='ltr'>mox</span> 
     </span>
     <span class='ocr_line' id='line_1_40' title="bbox 1052 2352 1836 2421; baseline 0.003 -18"><span class='ocrx_word' id='word_1_330' title='bbox 1052 2352 1161 2415; x_wconf 69' lang='lat' dir='ltr'>Catane,</span> <span class='ocrx_word' id='word_1_331' title='bbox 1175 2354 1281 2415; x_wconf 76' lang='lat' dir='ltr'>Naxus,</span> <span class='ocrx_word' id='word_1_332' title='bbox 1297 2354 1418 2420; x_wconf 85' lang='lat' dir='ltr'>Megara,</span> <span class='ocrx_word' id='word_1_333' title='bbox 1434 2352 1574 2421; x_wconf 74' lang='lat' dir='ltr'>Syracusae.</span> <span class='ocrx_word' id='word_1_334' title='bbox 1613 2352 1696 2404; x_wconf 88' lang='lat' dir='ltr'>Porro</span> <span class='ocrx_word' id='word_1_335' title='bbox 1717 2352 1836 2410; x_wconf 74' lang='lat' dir='ltr'>Messana</span> 
     </span>
     <span class='ocr_line' id='line_1_41' title="bbox 1052 2440 1837 2512; baseline 0.004 -20"><span class='ocrx_word' id='word_1_336' title='bbox 1052 2442 1124 2512; x_wconf 82' lang='lat' dir='ltr'>prius</span> <span class='ocrx_word' id='word_1_337' title='bbox 1141 2442 1235 2494; x_wconf 82' lang='lat' dir='ltr'>Zancle</span> <span class='ocrx_word' id='word_1_338' title='bbox 1246 2441 1382 2493; x_wconf 80' lang='lat' dir='ltr'>dicebatur</span> <span class='ocrx_word' id='word_1_339' title='bbox 1393 2440 1428 2493; x_wconf 94' lang='lat' dir='ltr'>ob</span> <span class='ocrx_word' id='word_1_340' title='bbox 1440 2441 1557 2493; x_wconf 91' lang='lat' dir='ltr'>locorum</span> <span class='ocrx_word' id='word_1_341' title='bbox 1572 2440 1761 2511; x_wconf 70' lang='lat' dir='ltr'>obliquitatem.</span> <span class='ocrx_word' id='word_1_342' title='bbox 1800 2442 1837 2495; x_wconf 88' lang='lat' dir='ltr'>Et</span> 
     </span>
     <span class='ocr_line' id='line_1_42' title="bbox 1053 2530 1834 2604; baseline 0 -19"><span class='ocrx_word' id='word_1_343' title='bbox 1053 2532 1197 2603; x_wconf 75' lang='lat' dir='ltr'>Charybdis</span> <span class='ocrx_word' id='word_1_344' title='bbox 1211 2532 1289 2604; x_wconf 91' lang='lat' dir='ltr'>paulo</span> <span class='ocrx_word' id='word_1_345' title='bbox 1310 2543 1371 2585; x_wconf 87' lang='lat' dir='ltr'>ante</span> <span class='ocrx_word' id='word_1_346' title='bbox 1384 2534 1529 2583; x_wconf 83' lang='lat' dir='ltr'>Messanam</span> <span class='ocrx_word' id='word_1_347' title='bbox 1551 2532 1578 2583; x_wconf 91' lang='lat' dir='ltr'>iu</span> <span class='ocrx_word' id='word_1_348' title='bbox 1594 2530 1661 2585; x_wconf 88' lang='lat' dir='ltr'>srcto</span> <span class='ocrx_word' id='word_1_349' title='bbox 1674 2530 1834 2594; x_wconf 88' lang='lat' dir='ltr'>ostenditur,</span> 
     </span>
     <span class='ocr_line' id='line_1_43' title="bbox 1052 2619 1836 2691; baseline 0 -18"><span class='ocrx_word' id='word_1_350' title='bbox 1052 2622 1213 2691; x_wconf 82' lang='lat' dir='ltr'>profundum</span> <span class='ocrx_word' id='word_1_351' title='bbox 1222 2622 1390 2685; x_wconf 87' lang='lat' dir='ltr'>immensum,</span> <span class='ocrx_word' id='word_1_352' title='bbox 1399 2621 1426 2671; x_wconf 88' lang='lat' dir='ltr'>in</span> <span class='ocrx_word' id='word_1_353' title='bbox 1435 2619 1507 2691; x_wconf 90' lang='lat' dir='ltr'>quod</span> <span class='ocrx_word' id='word_1_354' title='bbox 1513 2631 1590 2672; x_wconf 84' lang='lat' dir='ltr'>aestus</span> <span class='ocrx_word' id='word_1_355' title='bbox 1598 2619 1656 2671; x_wconf 81' lang='lat' dir='ltr'>heti</span> <span class='ocrx_word' id='word_1_356' title='bbox 1667 2620 1701 2672; x_wconf 92' lang='lat' dir='ltr'>ob</span> <span class='ocrx_word' id='word_1_357' title='bbox 1712 2631 1836 2673; x_wconf 86' lang='lat' dir='ltr'>naturam</span> 
     </span>
    </p>
   </div>
   <div class='ocr_carea' id='block_1_8' title="bbox 1053 2711 1837 2782">
    <p class='ocr_par' dir='ltr' id='par_1_10' title="bbox 1053 2711 1837 2782">
     <span class='ocr_line' id='line_1_44' title="bbox 1053 2711 1837 2782; baseline 0.001 -19"><span class='ocrx_word' id='word_1_358' title='bbox 1053 2711 1103 2763; x_wconf 91' lang='lat' dir='ltr'>loci</span> <span class='ocrx_word' id='word_1_359' title='bbox 1117 2712 1190 2765; x_wconf 89' lang='lat' dir='ltr'>lacile</span> <span class='ocrx_word' id='word_1_360' title='bbox 1203 2712 1338 2782; x_wconf 91' lang='lat' dir='ltr'>abripiunt</span> <span class='ocrx_word' id='word_1_361' title='bbox 1349 2712 1450 2779; x_wconf 78' lang='lat' dir='ltr'>navigia</span> <span class='ocrx_word' id='word_1_362' title='bbox 1466 2728 1560 2779; x_wconf 78' lang='lat' dir='ltr'>magno</span> <span class='ocrx_word' id='word_1_363' title='bbox 1574 2711 1674 2781; x_wconf 91' lang='lat' dir='ltr'>impetu</span> <span class='ocrx_word' id='word_1_364' title='bbox 1691 2720 1717 2762; x_wconf 91' lang='lat' dir='ltr'>et</span> <span class='ocrx_word' id='word_1_365' title='bbox 1729 2712 1837 2764; x_wconf 87' lang='lat' dir='ltr'>turbine</span> 
     </span>
    </p>
   </div>
   <div class='ocr_carea' id='block_1_9' title="bbox 187 2800 1839 4632">
    <p class='ocr_par' dir='ltr' id='par_1_11' title="bbox 187 2800 1837 3506">
     <span class='ocr_line' id='line_1_45' title="bbox 228 2800 1836 2892; baseline -0.011 -21"><span class='ocrx_word' id='word_1_366' title='bbox 228 2816 340 2892; x_wconf 76' lang='grc' dir='ltr'>στροφῆς</span> <span class='ocrx_word' id='word_1_367' title='bbox 365 2810 410 2869; x_wconf 83' lang='grc' dir='ltr'>καί</span> <span class='ocrx_word' id='word_1_368' title='bbox 434 2808 503 2878; x_wconf 86' lang='grc' dir='ltr'>δίνης</span> <span class='ocrx_word' id='word_1_369' title='bbox 526 2807 657 2883; x_wconf 84' lang='grc' dir='ltr'>μεγάλης·</span> <span class='ocrx_word' id='word_1_370' title='bbox 683 2804 881 2863; x_wconf 84' lang='grc' dir='ltr'>καταποθέντων</span> <span class='ocrx_word' id='word_1_371' title='bbox 907 2802 933 2858; x_wconf 80' lang='grc' dir='ltr'>δέ</span> <span class='ocrx_word' id='word_1_372' title='bbox 963 2802 1009 2859; x_wconf 82' lang='grc' dir='ltr'>καὶ</span> <span class='ocrx_word' id='word_1_373' title='bbox 1053 2802 1225 2867; x_wconf 87' lang='lat' dir='ltr'>circumacta;</span> <span class='ocrx_word' id='word_1_374' title='bbox 1251 2820 1367 2873; x_wconf 90' lang='lat' dir='ltr'>quorum</span> <span class='ocrx_word' id='word_1_375' title='bbox 1393 2802 1578 2872; x_wconf 81' lang='lat' dir='ltr'>absorptorum</span> <span class='ocrx_word' id='word_1_376' title='bbox 1600 2812 1627 2853; x_wconf 88' lang='lat' dir='ltr'>et</span> <span class='ocrx_word' id='word_1_377' title='bbox 1649 2800 1836 2873; x_wconf 87' lang='lat' dir='ltr'>dissipatorum</span> 
     </span>
     <span class='ocr_line' id='line_1_46' title="bbox 229 2890 1834 2973; baseline -0.006 -16"><span class='ocrx_word' id='word_1_378' title='bbox 229 2898 399 2957; x_wconf 81' lang='grc' dir='ltr'>διαλυθέντων</span> <span class='ocrx_word' id='word_1_379' title='bbox 414 2895 447 2955; x_wconf 85' lang='grc' dir='ltr'>τδι</span> <span class='ocrx_word' id='word_1_380' title='bbox 465 2896 578 2970; x_wconf 85' lang='grc' dir='ltr'>ναυάγια</span> <span class='ocrx_word' id='word_1_381' title='bbox 593 2890 772 2973; x_wconf 82' lang='grc' dir='ltr'>παρασύρεται</span> <span class='ocrx_word' id='word_1_382' title='bbox 787 2890 850 2971; x_wconf 78' lang='grc' dir='ltr'>πρὸς</span> <span class='ocrx_word' id='word_1_383' title='bbox 871 2892 945 2961; x_wconf 79' lang='grc' dir='ltr'>τ’,ιόνα</span> <span class='ocrx_word' id='word_1_384' title='bbox 962 2896 1008 2962; x_wconf 72' lang='grc' dir='ltr'>τῆς</span> <span class='ocrx_word' id='word_1_385' title='bbox 1053 2892 1195 2961; x_wconf 79' lang='lat' dir='ltr'>bagmenta</span> <span class='ocrx_word' id='word_1_386' title='bbox 1218 2895 1250 2947; x_wconf 88' lang='lat' dir='ltr'>ad</span> <span class='ocrx_word' id='word_1_387' title='bbox 1277 2895 1531 2946; x_wconf 88' lang='lat' dir='ltr'>Tauromenitanum</span> <span class='ocrx_word' id='word_1_388' title='bbox 1554 2894 1626 2947; x_wconf 89' lang='lat' dir='ltr'>littus</span> <span class='ocrx_word' id='word_1_389' title='bbox 1648 2894 1834 2960; x_wconf 81' lang='lat' dir='ltr'>devolvuntur,</span> 
     </span>
     <span class='ocr_line' id='line_1_47' title="bbox 227 2979 1835 3063; baseline -0.002 -22"><span class='ocrx_word' id='word_1_390' title='bbox 227 2985 427 3063; x_wconf 82' lang='grc' dir='ltr'>Ταυρομενίας,</span> <span class='ocrx_word' id='word_1_391' title='bbox 454 2983 487 3054; x_wconf 74' lang='grc' dir='ltr'>ἣν</span> <span class='ocrx_word' id='word_1_392' title='bbox 516 2984 638 3040; x_wconf 81' lang='grc' dir='ltr'>καλοῦσιν</span> <span class='ocrx_word' id='word_1_393' title='bbox 667 2983 718 3039; x_wconf 80' lang='grc' dir='ltr'>ἀπὸ</span> <span class='ocrx_word' id='word_1_394' title='bbox 740 2986 785 3038; x_wconf 80' lang='grc' dir='ltr'>τοῦ</span> <span class='ocrx_word' id='word_1_395' title='bbox 815 2979 1007 3057; x_wconf 82' lang='grc' dir='ltr'>συμπτώματος</span> <span class='ocrx_word' id='word_1_396' title='bbox 1052 2983 1125 3054; x_wconf 91' lang='lat' dir='ltr'>quod</span> <span class='ocrx_word' id='word_1_397' title='bbox 1146 2986 1243 3038; x_wconf 89' lang='lat' dir='ltr'>abhoc</span> <span class='ocrx_word' id='word_1_398' title='bbox 1262 2995 1357 3038; x_wconf 86' lang='lat' dir='ltr'>eventu</span> <span class='ocrx_word' id='word_1_399' title='bbox 1371 2986 1493 3055; x_wconf 84' lang='lat' dir='ltr'>Caprium</span> <span class='ocrx_word' id='word_1_400' title='bbox 1511 2983 1547 3054; x_wconf 89' lang='lat' dir='ltr'>[id</span> <span class='ocrx_word' id='word_1_401' title='bbox 1561 2995 1616 3048; x_wconf 87' lang='lat' dir='ltr'>est,</span> <span class='ocrx_word' id='word_1_402' title='bbox 1632 2985 1835 3056; x_wconf 78' lang='lat' dir='ltr'>sterquilinium]</span> 
     </span>
     <span class='ocr_line' id='line_1_48' title="bbox 227 3066 1835 3149; baseline -0.002 -19"><span class='ocrx_word' id='word_1_403' title='bbox 227 3071 321 3130; x_wconf 86' lang='grc' dir='ltr'>τούτου</span> <span class='ocrx_word' id='word_1_404' title='bbox 336 3069 468 3149; x_wconf 80' lang='grc' dir='ltr'>Κοπρίαν.</span> <span class='ocrx_word' id='word_1_405' title='bbox 511 3068 615 3147; x_wconf 82' lang='grc' dir='ltr'>Ἀπέχει</span> <span class='ocrx_word' id='word_1_406' title='bbox 631 3066 818 3138; x_wconf 81' lang='grc' dir='ltr'>δ’ἠΜεσστίνη</span> <span class='ocrx_word' id='word_1_407' title='bbox 834 3066 886 3124; x_wconf 65' lang='lat' dir='ltr'>aab</span> <span class='ocrx_word' id='word_1_408' title='bbox 900 3066 1008 3138; x_wconf 83' lang='grc' dir='ltr'>Ῥηγίου</span> <span class='ocrx_word' id='word_1_409' title='bbox 1053 3075 1190 3144; x_wconf 89' lang='lat' dir='ltr'>appellant.</span> <span class='ocrx_word' id='word_1_410' title='bbox 1229 3077 1312 3128; x_wconf 86' lang='lat' dir='ltr'>Distat</span> <span class='ocrx_word' id='word_1_411' title='bbox 1335 3077 1453 3126; x_wconf 85' lang='lat' dir='ltr'>Messana</span> <span class='ocrx_word' id='word_1_412' title='bbox 1468 3075 1596 3144; x_wconf 71' lang='lat' dir='ltr'>olibegio</span> <span class='ocrx_word' id='word_1_413' title='bbox 1618 3075 1761 3128; x_wconf 84' lang='lat' dir='ltr'>stadiorum</span> <span class='ocrx_word' id='word_1_414' title='bbox 1781 3087 1835 3128; x_wconf 91' lang='lat' dir='ltr'>tra·</span> 
     </span>
     <span class='ocr_line' id='line_1_49' title="bbox 229 3154 1835 3236; baseline 0.001 -21"><span class='ocrx_word' id='word_1_415' title='bbox 229 3158 330 3226; x_wconf 80' lang='grc' dir='ltr'>πύλεως</span> <span class='ocrx_word' id='word_1_416' title='bbox 353 3158 452 3236; x_wconf 86' lang='grc' dir='ltr'>δίαρμα</span> <span class='ocrx_word' id='word_1_417' title='bbox 473 3155 585 3216; x_wconf 79' lang='grc' dir='ltr'>σταδίων</span> <span class='ocrx_word' id='word_1_418' title='bbox 613 3154 644 3222; x_wconf 77' lang='grc' dir='ltr'>ξ’·</span> <span class='ocrx_word' id='word_1_419' title='bbox 665 3155 718 3214; x_wconf 81' lang='grc' dir='ltr'>ἀπὸ</span> <span class='ocrx_word' id='word_1_420' title='bbox 742 3156 770 3212; x_wconf 79' lang='grc' dir='ltr'>δὲ</span> <span class='ocrx_word' id='word_1_421' title='bbox 790 3155 860 3232; x_wconf 71' lang='grc' dir='ltr'>[τῆς]</span> <span class='ocrx_word' id='word_1_422' title='bbox 885 3156 1009 3220; x_wconf 82' lang='grc' dir='ltr'>Στυλίδος</span> <span class='ocrx_word' id='word_1_423' title='bbox 1049 3163 1466 3234; x_wconf 77' lang='lat' dir='ltr'>jectusexaginta,aColumella</span> <span class='ocrx_word' id='word_1_424' title='bbox 1490 3183 1552 3216; x_wconf 82' lang='lat' dir='ltr'>vero</span> <span class='ocrx_word' id='word_1_425' title='bbox 1568 3164 1651 3216; x_wconf 91' lang='lat' dir='ltr'>multo</span> <span class='ocrx_word' id='word_1_426' title='bbox 1670 3167 1766 3216; x_wconf 87' lang='lat' dir='ltr'>minus.</span> <span class='ocrx_word' id='word_1_427' title='bbox 1804 3168 1835 3216; x_wconf 91' lang='lat' dir='ltr'>In</span> 
     </span>
     <span class='ocr_line' id='line_1_50' title="bbox 187 3241 1834 3322; baseline 0.002 -18"><span class='ocrx_word' id='word_1_428' title='bbox 187 3273 193 3284; x_wconf 67' lang='lat'><strong><em>¹</em></strong></span> <span class='ocrx_word' id='word_1_429' title='bbox 229 3244 297 3304; x_wconf 80' lang='grc' dir='ltr'>πολύ</span> <span class='ocrx_word' id='word_1_430' title='bbox 312 3244 431 3305; x_wconf 80' lang='grc' dir='ltr'>ἔλαττον.</span> <span class='ocrx_word' id='word_1_431' title='bbox 473 3243 674 3303; x_wconf 81' lang='grc' dir='ltr'>Τοσοῦτονδόί</span> <span class='ocrx_word' id='word_1_432' title='bbox 689 3245 854 3320; x_wconf 70' lang='grc' dir='ltr'>Μαμερτῖνοι</span> <span class='ocrx_word' id='word_1_433' title='bbox 868 3241 938 3310; x_wconf 73' lang='grc' dir='ltr'>ἔθνος</span> <span class='ocrx_word' id='word_1_434' title='bbox 952 3247 1011 3300; x_wconf 67' lang='grc' dir='ltr'>ἕπε’</span> <span class='ocrx_word' id='word_1_435' title='bbox 1053 3273 1083 3307; x_wconf 88' lang='lat' dir='ltr'>ea</span> <span class='ocrx_word' id='word_1_436' title='bbox 1100 3257 1206 3322; x_wconf 70' lang='lat' dir='ltr'>regione</span> <span class='ocrx_word' id='word_1_437' title='bbox 1228 3257 1379 3308; x_wconf 83' lang='lat' dir='ltr'>illarnertini</span> <span class='ocrx_word' id='word_1_438' title='bbox 1401 3255 1467 3308; x_wconf 90' lang='lat' dir='ltr'>adeo</span> <span class='ocrx_word' id='word_1_439' title='bbox 1487 3255 1834 3319; x_wconf 76' lang='lat' dir='ltr'>irn¹alue1·uut,utrinum‚</span> 
     </span>
     <span class='ocr_line' id='line_1_51' title="bbox 230 3321 1837 3414; baseline -0.003 -13"><span class='ocrx_word' id='word_1_440' title='bbox 230 3332 345 3412; x_wconf 61' lang='lat' dir='ltr'>aphace</span> <span class='ocrx_word' id='word_1_441' title='bbox 369 3336 414 3402; x_wconf 58' lang='lat' dir='ltr'>²3l&lt;</span> <span class='ocrx_word' id='word_1_442' title='bbox 436 3331 540 3410; x_wconf 66' lang='grc' dir='ltr'>χώρας,</span> <span class='ocrx_word' id='word_1_443' title='bbox 555 3336 589 3396; x_wconf 70' lang='grc' dir='ltr'>ὡς</span> <span class='ocrx_word' id='word_1_444' title='bbox 603 3329 646 3388; x_wconf 73' lang='grc' dir='ltr'>τίαν</span> <span class='ocrx_word' id='word_1_445' title='bbox 663 3330 767 3409; x_wconf 72' lang='grc' dir='ltr'>αίρῑαταα</span> <span class='ocrx_word' id='word_1_446' title='bbox 791 3321 857 3406; x_wconf 68' lang='grc' dir='ltr'>αίναα</span> <span class='ocrx_word' id='word_1_447' title='bbox 881 3331 918 3405; x_wconf 69' lang='grc' dir='ltr'>μὴ</span> <span class='ocrx_word' id='word_1_448' title='bbox 937 3335 1010 3390; x_wconf 76' lang='grc' dir='ltr'>ίίίῑα·</span> <span class='ocrx_word' id='word_1_449' title='bbox 1054 3343 1125 3413; x_wconf 93' lang='lat' dir='ltr'>quod</span> <span class='ocrx_word' id='word_1_450' title='bbox 1141 3345 1241 3396; x_wconf 89' lang='lat' dir='ltr'>illicest</span> <span class='ocrx_word' id='word_1_451' title='bbox 1255 3346 1400 3414; x_wconf 88' lang='lat' dir='ltr'>optimum,</span> <span class='ocrx_word' id='word_1_452' title='bbox 1415 3361 1467 3396; x_wconf 91' lang='lat' dir='ltr'>non</span> <span class='ocrx_word' id='word_1_453' title='bbox 1481 3344 1654 3406; x_wconf 89' lang='lat' dir='ltr'>Messanium,</span> <span class='ocrx_word' id='word_1_454' title='bbox 1669 3343 1837 3398; x_wconf 80' lang='lat' dir='ltr'>sedMamer·</span> 
     </span>
     <span class='ocr_line' id='line_1_52' title="bbox 231 3418 1332 3506; baseline -0.005 -15"><span class='ocrx_word' id='word_1_455' title='bbox 231 3420 331 3491; x_wconf 63' lang='lat' dir='ltr'>otiatur,</span> <span class='ocrx_word' id='word_1_456' title='bbox 344 3419 413 3480; x_wconf 57' lang='lat' dir='ltr'>‘ilbi‘</span> <span class='ocrx_word' id='word_1_457' title='bbox 427 3418 595 3496; x_wconf 67' lang='grc' dir='ltr'>Μαμῑρῖίίθί</span> <span class='ocrx_word' id='word_1_458' title='bbox 611 3419 756 3477; x_wconf 67' lang='grc' dir='ltr'>ααθῑῖαίαί·</span> <span class='ocrx_word' id='word_1_459' title='bbox 1055 3437 1138 3488; x_wconf 91' lang='lat' dir='ltr'>tiuum</span> <span class='ocrx_word' id='word_1_460' title='bbox 1152 3436 1332 3506; x_wconf 88' lang='lat' dir='ltr'>appellaretur.</span> 
     </span>
    </p>

    <p class='ocr_par' dir='ltr' id='par_1_12' title="bbox 230 3504 1839 4632">
     <span class='ocr_line' id='line_1_53' title="bbox 270 3504 1835 3593; baseline -0.004 -14"><span class='ocrx_word' id='word_1_461' title='bbox 270 3528 307 3568; x_wconf 68' lang='grc' dir='ltr'>αα·</span> <span class='ocrx_word' id='word_1_462' title='bbox 330 3505 396 3567; x_wconf 70' lang='grc' dir='ltr'>Ὄαα</span> <span class='ocrx_word' id='word_1_463' title='bbox 417 3507 446 3564; x_wconf 73' lang='grc' dir='ltr'>ία</span> <span class='ocrx_word' id='word_1_464' title='bbox 468 3510 519 3564; x_wconf 60' lang='grc' dir='ltr'>τῶν</span> <span class='ocrx_word' id='word_1_465' title='bbox 541 3511 588 3578; x_wconf 61' lang='grc' dir='ltr'>τῆς</span> <span class='ocrx_word' id='word_1_466' title='bbox 609 3504 707 3578; x_wconf 70' lang='lat' dir='ltr'>alnae</span> <span class='ocrx_word' id='word_1_467' title='bbox 721 3504 823 3585; x_wconf 75' lang='grc' dir='ltr'>ῥναίαων</span> <span class='ocrx_word' id='word_1_468' title='bbox 845 3511 890 3564; x_wconf 73' lang='grc' dir='ltr'>ααῧ</span> <span class='ocrx_word' id='word_1_469' title='bbox 912 3505 1008 3585; x_wconf 66' lang='grc' dir='ltr'>πυρίας,</span> <span class='ocrx_word' id='word_1_470' title='bbox 1091 3541 1134 3576; x_wconf 79' lang='lat' dir='ltr'>ao.</span> <span class='ocrx_word' id='word_1_471' title='bbox 1156 3525 1350 3593; x_wconf 81' lang='lat' dir='ltr'>Amphinomus</span> <span class='ocrx_word' id='word_1_472' title='bbox 1370 3533 1396 3574; x_wconf 92' lang='lat' dir='ltr'>et</span> <span class='ocrx_word' id='word_1_473' title='bbox 1412 3523 1525 3592; x_wconf 84' lang='lat' dir='ltr'>Anapias</span> <span class='ocrx_word' id='word_1_474' title='bbox 1548 3521 1593 3574; x_wconf 81' lang='lat' dir='ltr'>ulti</span> <span class='ocrx_word' id='word_1_475' title='bbox 1618 3522 1671 3592; x_wconf 90' lang='lat' dir='ltr'>pii,</span> <span class='ocrx_word' id='word_1_476' title='bbox 1684 3521 1788 3573; x_wconf 86' lang='lat' dir='ltr'>sublatis</span> <span class='ocrx_word' id='word_1_477' title='bbox 1807 3522 1835 3572; x_wconf 90' lang='lat' dir='ltr'>in</span> 
     </span>
     <span class='ocr_line' id='line_1_54' title="bbox 230 3591 1836 3680; baseline 0.001 -22"><span class='ocrx_word' id='word_1_478' title='bbox 230 3593 429 3672; x_wconf 65' lang='grc' dir='ltr'>καταρχαμίνων</span> <span class='ocrx_word' id='word_1_479' title='bbox 444 3593 508 3672; x_wconf 70' lang='grc' dir='ltr'>πρὸς</span> <span class='ocrx_word' id='word_1_480' title='bbox 524 3593 571 3663; x_wconf 73' lang='grc' dir='ltr'>τἦν</span> <span class='ocrx_word' id='word_1_481' title='bbox 587 3591 741 3650; x_wconf 69' lang='grc' dir='ltr'>Καααααίαν</span> <span class='ocrx_word' id='word_1_482' title='bbox 756 3594 841 3672; x_wconf 70' lang='lat' dir='ltr'>uod,</span> <span class='ocrx_word' id='word_1_483' title='bbox 854 3591 1010 3673; x_wconf 58' lang='lat' dir='ltr'>&#39;ltpylvopoz</span> <span class='ocrx_word' id='word_1_484' title='bbox 1056 3611 1178 3663; x_wconf 91' lang='lat' dir='ltr'>humeros</span> <span class='ocrx_word' id='word_1_485' title='bbox 1192 3611 1357 3680; x_wconf 82' lang='lat' dir='ltr'>parentibus,</span> <span class='ocrx_word' id='word_1_486' title='bbox 1369 3629 1400 3661; x_wconf 86' lang='lat' dir='ltr'>ex</span> <span class='ocrx_word' id='word_1_487' title='bbox 1412 3611 1494 3661; x_wconf 76' lang='lat' dir='ltr'>AEtnae</span> <span class='ocrx_word' id='word_1_488' title='bbox 1504 3608 1642 3672; x_wconf 87' lang='lat' dir='ltr'>inccndio,</span> <span class='ocrx_word' id='word_1_489' title='bbox 1653 3627 1733 3678; x_wconf 89' lang='lat' dir='ltr'>quum</span> <span class='ocrx_word' id='word_1_490' title='bbox 1747 3609 1836 3678; x_wconf 79' lang='lat' dir='ltr'>ignitae</span> 
     </span>
     <span class='ocr_line' id='line_1_55' title="bbox 230 3677 1836 3768; baseline 0.001 -23"><span class='ocrx_word' id='word_1_491' title='bbox 230 3680 276 3739; x_wconf 69' lang='grc' dir='ltr'>καί</span> <span class='ocrx_word' id='word_1_492' title='bbox 289 3677 428 3750; x_wconf 70' lang='grc' dir='ltr'>Ἀναπίας,</span> <span class='ocrx_word' id='word_1_493' title='bbox 439 3677 553 3744; x_wconf 69' lang='grc' dir='ltr'>αὗανίίῑῗς</span> <span class='ocrx_word' id='word_1_494' title='bbox 574 3677 680 3757; x_wconf 71' lang='lat' dir='ltr'>drdptt,</span> <span class='ocrx_word' id='word_1_495' title='bbox 694 3678 819 3757; x_wconf 68' lang='grc' dir='ltr'>ἆραίμῑναῑ</span> <span class='ocrx_word' id='word_1_496' title='bbox 841 3679 901 3745; x_wconf 63' lang='lat' dir='ltr'>wll&lt;</span> <span class='ocrx_word' id='word_1_497' title='bbox 920 3681 1011 3754; x_wconf 73' lang='grc' dir='ltr'>γωνίας</span> <span class='ocrx_word' id='word_1_498' title='bbox 1055 3715 1145 3750; x_wconf 82' lang='lat' dir='ltr'>massae</span> <span class='ocrx_word' id='word_1_499' title='bbox 1158 3699 1184 3748; x_wconf 93' lang='lat' dir='ltr'>in</span> <span class='ocrx_word' id='word_1_500' title='bbox 1198 3699 1347 3750; x_wconf 73' lang='lat' dir='ltr'>(htanaeum</span> <span class='ocrx_word' id='word_1_501' title='bbox 1361 3715 1452 3766; x_wconf 82' lang='lat' dir='ltr'>agrum</span> <span class='ocrx_word' id='word_1_502' title='bbox 1466 3695 1675 3758; x_wconf 83' lang='lat' dir='ltr'>devolverentur,</span> <span class='ocrx_word' id='word_1_503' title='bbox 1691 3697 1759 3768; x_wconf 90' lang='lat' dir='ltr'>ipsos</span> <span class='ocrx_word' id='word_1_504' title='bbox 1779 3714 1836 3747; x_wconf 88' lang='lat' dir='ltr'>ser·</span> 
     </span>
     <span class='ocr_line' id='line_1_56' title="bbox 232 3765 1836 3852; baseline -0.001 -17"><span class='ocrx_word' id='word_1_505' title='bbox 232 3768 275 3828; x_wconf 80' lang='grc' dir='ltr'>ίαί</span> <span class='ocrx_word' id='word_1_506' title='bbox 296 3772 349 3827; x_wconf 68' lang='grc' dir='ltr'>τῶν</span> <span class='ocrx_word' id='word_1_507' title='bbox 374 3765 455 3842; x_wconf 74' lang='grc' dir='ltr'>ὤμων</span> <span class='ocrx_word' id='word_1_508' title='bbox 478 3765 615 3826; x_wconf 72' lang='grc' dir='ltr'>ίνίαωααν·</span> <span class='ocrx_word' id='word_1_509' title='bbox 659 3765 897 3850; x_wconf 64' lang='grc' dir='ltr'>Κααααῑαραίμῑνα</span> <span class='ocrx_word' id='word_1_510' title='bbox 923 3767 950 3825; x_wconf 61' lang='grc' dir='ltr'>δὲ</span> <span class='ocrx_word' id='word_1_511' title='bbox 979 3767 1011 3824; x_wconf 71' lang='lat' dir='ltr'>ab</span> <span class='ocrx_word' id='word_1_512' title='bbox 1057 3795 1159 3837; x_wconf 75' lang='lat' dir='ltr'>var-unt.</span> <span class='ocrx_word' id='word_1_513' title='bbox 1197 3786 1269 3836; x_wconf 88' lang='lat' dir='ltr'>Cinis</span> <span class='ocrx_word' id='word_1_514' title='bbox 1280 3786 1462 3837; x_wconf 89' lang='lat' dir='ltr'>Catanensium</span> <span class='ocrx_word' id='word_1_515' title='bbox 1476 3801 1567 3852; x_wconf 83' lang='lat' dir='ltr'>agrum</span> <span class='ocrx_word' id='word_1_516' title='bbox 1582 3783 1689 3852; x_wconf 89' lang='lat' dir='ltr'>opplens</span> <span class='ocrx_word' id='word_1_517' title='bbox 1705 3799 1751 3852; x_wconf 89' lang='lat' dir='ltr'>per</span> <span class='ocrx_word' id='word_1_518' title='bbox 1767 3793 1836 3834; x_wconf 89' lang='lat' dir='ltr'>tem-</span> 
     </span>
     <span class='ocr_line' id='line_1_57' title="bbox 232 3851 1836 3940; baseline -0.001 -20"><span class='ocrx_word' id='word_1_519' title='bbox 232 3852 390 3914; x_wconf 70' lang='grc' dir='ltr'>Καταναίων</span> <span class='ocrx_word' id='word_1_520' title='bbox 402 3852 486 3933; x_wconf 72' lang='grc' dir='ltr'>χωρία</span> <span class='ocrx_word' id='word_1_521' title='bbox 494 3853 558 3931; x_wconf 63' lang='grc' dir='ltr'>πρὸς</span> <span class='ocrx_word' id='word_1_522' title='bbox 567 3852 657 3931; x_wconf 74' lang='grc' dir='ltr'>ααῑρία</span> <span class='ocrx_word' id='word_1_523' title='bbox 670 3853 699 3930; x_wconf 75' lang='grc' dir='ltr'>[ἦ</span> <span class='ocrx_word' id='word_1_524' title='bbox 710 3851 815 3928; x_wconf 67' lang='grc' dir='ltr'>σποδὸς]</span> <span class='ocrx_word' id='word_1_525' title='bbox 830 3854 914 3923; x_wconf 74' lang='lat' dir='ltr'>tonet,</span> <span class='ocrx_word' id='word_1_526' title='bbox 925 3852 1011 3932; x_wconf 63' lang='grc' dir='ltr'>χρόνῳ</span> <span class='ocrx_word' id='word_1_527' title='bbox 1057 3887 1106 3940; x_wconf 90' lang='lat' dir='ltr'>pus</span> <span class='ocrx_word' id='word_1_528' title='bbox 1118 3869 1223 3940; x_wconf 89' lang='lat' dir='ltr'>quidem</span> <span class='ocrx_word' id='word_1_529' title='bbox 1235 3869 1341 3938; x_wconf 82' lang='lat' dir='ltr'>aliquod</span> <span class='ocrx_word' id='word_1_530' title='bbox 1351 3869 1458 3936; x_wconf 81' lang='lat' dir='ltr'>allligit,</span> <span class='ocrx_word' id='word_1_531' title='bbox 1469 3879 1558 3939; x_wconf 86' lang='lat' dir='ltr'>postea</span> <span class='ocrx_word' id='word_1_532' title='bbox 1568 3886 1630 3920; x_wconf 86' lang='lat' dir='ltr'>vero</span> <span class='ocrx_word' id='word_1_533' title='bbox 1644 3869 1735 3920; x_wconf 88' lang='lat' dir='ltr'>vinetis</span> <span class='ocrx_word' id='word_1_534' title='bbox 1746 3867 1836 3918; x_wconf 79' lang='lat' dir='ltr'>laetum</span> 
     </span>
     <span class='ocr_line' id='line_1_58' title="bbox 232 3938 1837 4023; baseline -0.004 -12"><span class='ocrx_word' id='word_1_535' title='bbox 232 3938 261 3999; x_wconf 63' lang='grc' dir='ltr'>δὲ</span> <span class='ocrx_word' id='word_1_536' title='bbox 275 3952 344 4000; x_wconf 72' lang='grc' dir='ltr'>ααῑῑῖ</span> <span class='ocrx_word' id='word_1_537' title='bbox 367 3940 472 4022; x_wconf 69' lang='grc' dir='ltr'>ίίατίραα</span> <span class='ocrx_word' id='word_1_538' title='bbox 496 3940 644 4016; x_wconf 62' lang='lat' dir='ltr'>tltlllfflsshl&gt;v</span> <span class='ocrx_word' id='word_1_539' title='bbox 667 3939 712 3998; x_wconf 63' lang='grc' dir='ltr'>καί</span> <span class='ocrx_word' id='word_1_540' title='bbox 732 3938 945 4018; x_wconf 64' lang='grc' dir='ltr'>Χρησῑίααρπαα,</span> <span class='ocrx_word' id='word_1_541' title='bbox 965 3945 1012 4011; x_wconf 60' lang='lat' dir='ltr'>Tit</span> <span class='ocrx_word' id='word_1_542' title='bbox 1055 3954 1158 4019; x_wconf 88' lang='lat' dir='ltr'>reddit,</span> <span class='ocrx_word' id='word_1_543' title='bbox 1174 3954 1384 4022; x_wconf 78' lang='lat' dir='ltr'>acbonaelrugis</span> <span class='ocrx_word' id='word_1_544' title='bbox 1399 3954 1622 4023; x_wconf 87' lang='lat' dir='ltr'>leracem,quum</span> <span class='ocrx_word' id='word_1_545' title='bbox 1635 3953 1762 4022; x_wconf 86' lang='lat' dir='ltr'>reliquum</span> <span class='ocrx_word' id='word_1_546' title='bbox 1779 3955 1837 4020; x_wconf 75' lang='lat' dir='ltr'>agri</span> 
     </span>
     <span class='ocr_line' id='line_1_59' title="bbox 232 4023 1837 4112; baseline -0.004 -15"><span class='ocrx_word' id='word_1_547' title='bbox 232 4027 315 4099; x_wconf 58' lang='lat' dir='ltr'>data&lt;</span> <span class='ocrx_word' id='word_1_548' title='bbox 336 4031 387 4107; x_wconf 79' lang='grc' dir='ltr'>αὖχ</span> <span class='ocrx_word' id='word_1_549' title='bbox 403 4029 498 4105; x_wconf 67' lang='grc' dir='ltr'>ὁμοίως</span> <span class='ocrx_word' id='word_1_550' title='bbox 510 4027 588 4100; x_wconf 76' lang='grc' dir='ltr'>οὔσης</span> <span class='ocrx_word' id='word_1_551' title='bbox 604 4028 712 4090; x_wconf 65' lang='grc' dir='ltr'>νῦαίναν.</span> <span class='ocrx_word' id='word_1_552' title='bbox 755 4026 810 4091; x_wconf 68' lang='grc' dir='ltr'>Τίς</span> <span class='ocrx_word' id='word_1_553' title='bbox 824 4050 852 4083; x_wconf 69' lang='grc' dir='ltr'>τε</span> <span class='ocrx_word' id='word_1_554' title='bbox 872 4027 942 4106; x_wconf 69' lang='grc' dir='ltr'>ῥίζας</span> <span class='ocrx_word' id='word_1_555' title='bbox 957 4027 1009 4104; x_wconf 71' lang='grc' dir='ltr'>[ἃς]</span> <span class='ocrx_word' id='word_1_556' title='bbox 1057 4058 1110 4092; x_wconf 90' lang='lat' dir='ltr'>non</span> <span class='ocrx_word' id='word_1_557' title='bbox 1133 4023 1349 4112; x_wconf 67' lang='lat' dir='ltr'>ita⁵praestctvini</span> <span class='ocrx_word' id='word_1_558' title='bbox 1368 4039 1550 4110; x_wconf 88' lang='lat' dir='ltr'>productione.</span> <span class='ocrx_word' id='word_1_559' title='bbox 1589 4037 1748 4107; x_wconf 84' lang='lat' dir='ltr'>Radicesque</span> <span class='ocrx_word' id='word_1_560' title='bbox 1770 4055 1837 4108; x_wconf 85' lang='lat' dir='ltr'>quas</span> 
     </span>
     <span class='ocr_line' id='line_1_60' title="bbox 232 4114 1838 4196; baseline 0.001 -22"><span class='ocrx_word' id='word_1_561' title='bbox 232 4118 334 4196; x_wconf 66' lang='grc' dir='ltr'>ἐκφέρει</span> <span class='ocrx_word' id='word_1_562' title='bbox 364 4116 397 4174; x_wconf 66' lang='lat' dir='ltr'>tt</span> <span class='ocrx_word' id='word_1_563' title='bbox 430 4114 663 4194; x_wconf 83' lang='grc' dir='ltr'>κατατεφρωθέντα</span> <span class='ocrx_word' id='word_1_564' title='bbox 697 4114 801 4193; x_wconf 88' lang='grc' dir='ltr'>χωρία,</span> <span class='ocrx_word' id='word_1_565' title='bbox 831 4115 942 4171; x_wconf 89' lang='grc' dir='ltr'>πιαίνειν</span> <span class='ocrx_word' id='word_1_566' title='bbox 969 4115 1011 4172; x_wconf 85' lang='grc' dir='ltr'>ἐπί</span> <span class='ocrx_word' id='word_1_567' title='bbox 1056 4124 1170 4178; x_wconf 81' lang='lat' dir='ltr'>elierunt</span> <span class='ocrx_word' id='word_1_568' title='bbox 1184 4126 1271 4178; x_wconf 88' lang='lat' dir='ltr'>cinere</span> <span class='ocrx_word' id='word_1_569' title='bbox 1286 4125 1323 4176; x_wconf 90' lang='lat' dir='ltr'>sic</span> <span class='ocrx_word' id='word_1_570' title='bbox 1336 4125 1440 4194; x_wconf 90' lang='lat' dir='ltr'>oppleta</span> <span class='ocrx_word' id='word_1_571' title='bbox 1455 4125 1523 4187; x_wconf 85' lang='lat' dir='ltr'>loca,</span> <span class='ocrx_word' id='word_1_572' title='bbox 1539 4141 1600 4176; x_wconf 87' lang='lat' dir='ltr'>oves</span> <span class='ocrx_word' id='word_1_573' title='bbox 1620 4123 1686 4176; x_wconf 88' lang='lat' dir='ltr'>adeo</span> <span class='ocrx_word' id='word_1_574' title='bbox 1700 4123 1838 4193; x_wconf 81' lang='lat' dir='ltr'>pingues·</span> 
     </span>
     <span class='ocr_line' id='line_1_61' title="bbox 232 4200 1838 4283; baseline -0.002 -18"><span class='ocrx_word' id='word_1_575' title='bbox 232 4210 354 4265; x_wconf 78' lang='grc' dir='ltr'>τοσοῦτον</span> <span class='ocrx_word' id='word_1_576' title='bbox 377 4203 410 4260; x_wconf 86' lang='grc' dir='ltr'>τδι</span> <span class='ocrx_word' id='word_1_577' title='bbox 433 4203 556 4283; x_wconf 78' lang='grc' dir='ltr'>πρόθατά</span> <span class='ocrx_word' id='word_1_578' title='bbox 574 4201 686 4283; x_wconf 81' lang='grc' dir='ltr'>[φασιν],</span> <span class='ocrx_word' id='word_1_579' title='bbox 706 4200 774 4260; x_wconf 84' lang='grc' dir='ltr'>ὥστε</span> <span class='ocrx_word' id='word_1_580' title='bbox 799 4201 949 4277; x_wconf 82' lang='grc' dir='ltr'>πνίγεσθαι,</span> <span class='ocrx_word' id='word_1_581' title='bbox 966 4201 1012 4259; x_wconf 84' lang='grc' dir='ltr'>καί</span> <span class='ocrx_word' id='word_1_582' title='bbox 1056 4230 1116 4264; x_wconf 90' lang='lat' dir='ltr'>cere</span> <span class='ocrx_word' id='word_1_583' title='bbox 1130 4211 1235 4276; x_wconf 86' lang='lat' dir='ltr'>dicunt,</span> <span class='ocrx_word' id='word_1_584' title='bbox 1257 4223 1286 4264; x_wconf 91' lang='lat' dir='ltr'>ut</span> <span class='ocrx_word' id='word_1_585' title='bbox 1309 4211 1479 4276; x_wconf 72' lang='lat' dir='ltr'>suffocentur,</span> <span class='ocrx_word' id='word_1_586' title='bbox 1496 4211 1544 4262; x_wconf 82' lang='lat' dir='ltr'>nisi</span> <span class='ocrx_word' id='word_1_587' title='bbox 1567 4220 1660 4280; x_wconf 89' lang='lat' dir='ltr'>quarto</span> <span class='ocrx_word' id='word_1_588' title='bbox 1674 4229 1779 4280; x_wconf 91' lang='lat' dir='ltr'>quoque</span> <span class='ocrx_word' id='word_1_589' title='bbox 1793 4209 1838 4262; x_wconf 89' lang='lat' dir='ltr'>die</span> 
     </span>
     <span class='ocr_line' id='line_1_62' title="bbox 234 4278 1837 4367; baseline -0.001 -19"><span class='ocrx_word' id='word_1_590' title='bbox 234 4289 278 4350; x_wconf 76' lang='lat' dir='ltr'>td</span> <span class='ocrx_word' id='word_1_591' title='bbox 290 4297 367 4350; x_wconf 84' lang='grc' dir='ltr'>τούτο</span> <span class='ocrx_word' id='word_1_592' title='bbox 381 4289 412 4348; x_wconf 81' lang='grc' dir='ltr'>δι’</span> <span class='ocrx_word' id='word_1_593' title='bbox 424 4295 529 4367; x_wconf 82' lang='grc' dir='ltr'>ἡμερῶν</span> <span class='ocrx_word' id='word_1_594' title='bbox 544 4287 566 4346; x_wconf 89' lang='grc' dir='ltr'>δ’</span> <span class='ocrx_word' id='word_1_595' title='bbox 581 4292 733 4367; x_wconf 73' lang='grc' dir='ltr'>ἀφαιροῦσιν</span> <span class='ocrx_word' id='word_1_596' title='bbox 746 4290 776 4345; x_wconf 81' lang='grc' dir='ltr'>ἐκ</span> <span class='ocrx_word' id='word_1_597' title='bbox 789 4291 839 4345; x_wconf 88' lang='grc' dir='ltr'>τῶν</span> <span class='ocrx_word' id='word_1_598' title='bbox 850 4285 923 4345; x_wconf 84' lang='grc' dir='ltr'>ὤτων</span> <span class='ocrx_word' id='word_1_599' title='bbox 935 4278 1012 4362; x_wconf 72' lang='grc' dir='ltr'>αἷμα,</span> <span class='ocrx_word' id='word_1_600' title='bbox 1057 4298 1161 4366; x_wconf 79' lang='lat' dir='ltr'>sangnis</span> <span class='ocrx_word' id='word_1_601' title='bbox 1169 4315 1199 4348; x_wconf 79' lang='lat' dir='ltr'>ex</span> <span class='ocrx_word' id='word_1_602' title='bbox 1207 4297 1314 4348; x_wconf 90' lang='lat' dir='ltr'>auribus</span> <span class='ocrx_word' id='word_1_603' title='bbox 1326 4295 1487 4362; x_wconf 84' lang='lat' dir='ltr'>detrahatur,</span> <span class='ocrx_word' id='word_1_604' title='bbox 1497 4299 1564 4348; x_wconf 90' lang='lat' dir='ltr'>sicut</span> <span class='ocrx_word' id='word_1_605' title='bbox 1576 4297 1602 4348; x_wconf 91' lang='lat' dir='ltr'>in</span> <span class='ocrx_word' id='word_1_606' title='bbox 1613 4295 1720 4366; x_wconf 80' lang='lat' dir='ltr'>Erythia</span> <span class='ocrx_word' id='word_1_607' title='bbox 1731 4313 1837 4366; x_wconf 86' lang='lat' dir='ltr'>quoque</span> 
     </span>
     <span class='ocr_line' id='line_1_63' title="bbox 231 4375 1837 4457; baseline -0.001 -21"><span class='ocrx_word' id='word_1_608' title='bbox 231 4380 353 4457; x_wconf 78' lang='grc' dir='ltr'>καθάπερ,</span> <span class='ocrx_word' id='word_1_609' title='bbox 376 4377 423 4436; x_wconf 90' lang='grc' dir='ltr'>καί</span> <span class='ocrx_word' id='word_1_610' title='bbox 446 4381 473 4436; x_wconf 82' lang='grc' dir='ltr'>ἐν</span> <span class='ocrx_word' id='word_1_611' title='bbox 488 4382 521 4455; x_wconf 84' lang='grc' dir='ltr'>τῇ</span> <span class='ocrx_word' id='word_1_612' title='bbox 536 4377 657 4456; x_wconf 68' lang='grc' dir='ltr'>Ἐρυθείᾳ</span> <span class='ocrx_word' id='word_1_613' title='bbox 671 4375 744 4456; x_wconf 74' lang='grc' dir='ltr'>νήσῳ</span> <span class='ocrx_word' id='word_1_614' title='bbox 760 4383 888 4437; x_wconf 77' lang='grc' dir='ltr'>ποιοῦσιν.</span> <span class='ocrx_word' id='word_1_615' title='bbox 931 4375 962 4435; x_wconf 89' lang='grc' dir='ltr'>Ὁ</span> <span class='ocrx_word' id='word_1_616' title='bbox 985 4376 1011 4436; x_wconf 82' lang='grc' dir='ltr'>δὲ</span> <span class='ocrx_word' id='word_1_617' title='bbox 1057 4386 1140 4438; x_wconf 86' lang='lat' dir='ltr'>insula</span> <span class='ocrx_word' id='word_1_618' title='bbox 1152 4375 1205 4436; x_wconf 86' lang='lat' dir='ltr'>lieri</span> <span class='ocrx_word' id='word_1_619' title='bbox 1221 4383 1292 4437; x_wconf 89' lang='lat' dir='ltr'>solet.</span> <span class='ocrx_word' id='word_1_620' title='bbox 1332 4384 1440 4434; x_wconf 86' lang='lat' dir='ltr'>Materia</span> <span class='ocrx_word' id='word_1_621' title='bbox 1454 4393 1539 4434; x_wconf 88' lang='lat' dir='ltr'>autem</span> <span class='ocrx_word' id='word_1_622' title='bbox 1552 4385 1631 4452; x_wconf 80' lang='lat' dir='ltr'>ignita</span> <span class='ocrx_word' id='word_1_623' title='bbox 1643 4401 1675 4435; x_wconf 88' lang='lat' dir='ltr'>ex</span> <span class='ocrx_word' id='word_1_624' title='bbox 1695 4383 1773 4435; x_wconf 73' lang='lat' dir='ltr'>Aitna</span> <span class='ocrx_word' id='word_1_625' title='bbox 1790 4383 1837 4434; x_wconf 92' lang='lat' dir='ltr'>de-</span> 
     </span>
     <span class='ocr_line' id='line_1_64' title="bbox 233 4464 1837 4544; baseline -0.002 -20"><span class='ocrx_word' id='word_1_626' title='bbox 233 4465 348 4544; x_wconf 73' lang='grc' dir='ltr'>ῥύαξείς</span> <span class='ocrx_word' id='word_1_627' title='bbox 363 4465 440 4532; x_wconf 76' lang='grc' dir='ltr'>πῆξιν</span> <span class='ocrx_word' id='word_1_628' title='bbox 459 4464 633 4539; x_wconf 79' lang='grc' dir='ltr'>μεταὸαλλων</span> <span class='ocrx_word' id='word_1_629' title='bbox 655 4467 774 4523; x_wconf 83' lang='grc' dir='ltr'>ἀπολιθοῐ</span> <span class='ocrx_word' id='word_1_630' title='bbox 797 4464 844 4534; x_wconf 73' lang='grc' dir='ltr'>τὴν</span> <span class='ocrx_word' id='word_1_631' title='bbox 860 4464 1011 4544; x_wconf 79' lang='grc' dir='ltr'>ἐπιφάνειαν</span> <span class='ocrx_word' id='word_1_632' title='bbox 1057 4473 1140 4524; x_wconf 92' lang='lat' dir='ltr'>lluens</span> <span class='ocrx_word' id='word_1_633' title='bbox 1155 4473 1181 4522; x_wconf 89' lang='lat' dir='ltr'>in</span> <span class='ocrx_word' id='word_1_634' title='bbox 1197 4471 1352 4522; x_wconf 83' lang='lat' dir='ltr'>soliditatem</span> <span class='ocrx_word' id='word_1_635' title='bbox 1373 4480 1520 4540; x_wconf 86' lang='lat' dir='ltr'>permutata</span> <span class='ocrx_word' id='word_1_636' title='bbox 1538 4481 1634 4522; x_wconf 89' lang='lat' dir='ltr'>terram</span> <span class='ocrx_word' id='word_1_637' title='bbox 1657 4468 1693 4522; x_wconf 89' lang='lat' dir='ltr'>ad</span> <span class='ocrx_word' id='word_1_638' title='bbox 1712 4487 1837 4540; x_wconf 83' lang='lat' dir='ltr'>magnam</span> 
     </span>
     <span class='ocr_line' id='line_1_65' title="bbox 233 4541 1839 4632; baseline -0.001 -22"><span class='ocrx_word' id='word_1_639' title='bbox 233 4557 280 4622; x_wconf 76' lang='grc' dir='ltr'>τῆς</span> <span class='ocrx_word' id='word_1_640' title='bbox 293 4557 340 4627; x_wconf 71' lang='grc' dir='ltr'>γῆς</span> <span class='ocrx_word' id='word_1_641' title='bbox 352 4555 391 4632; x_wconf 84' lang='grc' dir='ltr'>ἐφ’</span> <span class='ocrx_word' id='word_1_642' title='bbox 406 4551 492 4610; x_wconf 79' lang='grc' dir='ltr'>ἱκανὸν</span> <span class='ocrx_word' id='word_1_643' title='bbox 508 4552 602 4628; x_wconf 81' lang='grc' dir='ltr'>βάθος,</span> <span class='ocrx_word' id='word_1_644' title='bbox 616 4549 686 4609; x_wconf 76' lang='grc' dir='ltr'>ὥστε</span> <span class='ocrx_word' id='word_1_645' title='bbox 698 4552 825 4625; x_wconf 82' lang='grc' dir='ltr'>λατομίας</span> <span class='ocrx_word' id='word_1_646' title='bbox 840 4541 905 4608; x_wconf 70' lang='grc' dir='ltr'>εἶναι</span> <span class='ocrx_word' id='word_1_647' title='bbox 922 4549 1012 4628; x_wconf 75' lang='grc' dir='ltr'>χρείαν</span> <span class='ocrx_word' id='word_1_648' title='bbox 1056 4558 1261 4630; x_wconf 85' lang='lat' dir='ltr'>prolanditatem</span> <span class='ocrx_word' id='word_1_649' title='bbox 1277 4559 1398 4627; x_wconf 90' lang='lat' dir='ltr'>usquein</span> <span class='ocrx_word' id='word_1_650' title='bbox 1412 4556 1524 4628; x_wconf 88' lang='lat' dir='ltr'>lapidem</span> <span class='ocrx_word' id='word_1_651' title='bbox 1543 4559 1686 4620; x_wconf 87' lang='lat' dir='ltr'>convertit,</span> <span class='ocrx_word' id='word_1_652' title='bbox 1700 4567 1730 4609; x_wconf 92' lang='lat' dir='ltr'>ut</span> <span class='ocrx_word' id='word_1_653' title='bbox 1747 4559 1839 4628; x_wconf 85' lang='lat' dir='ltr'>pristi-</span> 
     </span>
    </p>
   </div>
   <div class='ocr_carea' id='block_1_10' title="bbox 234 4637 1841 4977">
    <p class='ocr_par' dir='ltr' id='par_1_13' title="bbox 234 4637 1841 4977">
     <span class='ocr_line' id='line_1_66' title="bbox 234 4637 1840 4717; baseline -0.001 -21"><span class='ocrx_word' id='word_1_654' title='bbox 234 4647 288 4702; x_wconf 84' lang='grc' dir='ltr'>τοῖς</span> <span class='ocrx_word' id='word_1_655' title='bbox 300 4639 467 4717; x_wconf 77' lang='grc' dir='ltr'>ἀνακαλύψαι</span> <span class='ocrx_word' id='word_1_656' title='bbox 483 4637 645 4715; x_wconf 80' lang='grc' dir='ltr'>βουλομένοις</span> <span class='ocrx_word' id='word_1_657' title='bbox 659 4637 706 4709; x_wconf 75' lang='grc' dir='ltr'>τὴν</span> <span class='ocrx_word' id='word_1_658' title='bbox 720 4637 745 4703; x_wconf 74' lang='grc' dir='ltr'>ἐξ</span> <span class='ocrx_word' id='word_1_659' title='bbox 757 4641 839 4715; x_wconf 76' lang='grc' dir='ltr'>ἀρχῆς</span> <span class='ocrx_word' id='word_1_660' title='bbox 848 4638 1009 4714; x_wconf 83' lang='grc' dir='ltr'>ίπιφοίνειαν.</span> <span class='ocrx_word' id='word_1_661' title='bbox 1058 4664 1119 4698; x_wconf 88' lang='lat' dir='ltr'>nam</span> <span class='ocrx_word' id='word_1_662' title='bbox 1139 4645 1302 4716; x_wconf 85' lang='lat' dir='ltr'>superficiem</span> <span class='ocrx_word' id='word_1_663' title='bbox 1324 4644 1442 4712; x_wconf 82' lang='lat' dir='ltr'>detegere</span> <span class='ocrx_word' id='word_1_664' title='bbox 1459 4641 1604 4696; x_wconf 90' lang='lat' dir='ltr'>volentibus</span> <span class='ocrx_word' id='word_1_665' title='bbox 1616 4643 1714 4714; x_wconf 89' lang='lat' dir='ltr'>lapides</span> <span class='ocrx_word' id='word_1_666' title='bbox 1735 4643 1840 4694; x_wconf 78' lang='lat' dir='ltr'>exscin-</span> 
     </span>
     <span class='ocr_line' id='line_1_67' title="bbox 234 4716 1841 4803; baseline -0.001 -19"><span class='ocrx_word' id='word_1_667' title='bbox 234 4727 260 4784; x_wconf 88' lang='grc' dir='ltr'><strong>Τ</strong></span> <span class='ocrx_word' id='word_1_668' title='bbox 262 4726 366 4796; x_wconf 85' lang='grc' dir='ltr'>ακιίσης</span> <span class='ocrx_word' id='word_1_669' title='bbox 380 4727 431 4802; x_wconf 78' lang='grc' dir='ltr'>γὰρ</span> <span class='ocrx_word' id='word_1_670' title='bbox 446 4727 472 4782; x_wconf 77' lang='grc' dir='ltr'>ἐν</span> <span class='ocrx_word' id='word_1_671' title='bbox 488 4733 540 4791; x_wconf 87' lang='grc' dir='ltr'>τοῖς</span> <span class='ocrx_word' id='word_1_672' title='bbox 554 4729 683 4803; x_wconf 78' lang='grc' dir='ltr'>κρατῆρσι</span> <span class='ocrx_word' id='word_1_673' title='bbox 701 4730 745 4795; x_wconf 84' lang='grc' dir='ltr'>τῆς</span> <span class='ocrx_word' id='word_1_674' title='bbox 760 4726 871 4803; x_wconf 83' lang='grc' dir='ltr'>πέτρας,</span> <span class='ocrx_word' id='word_1_675' title='bbox 885 4716 930 4784; x_wconf 74' lang='grc' dir='ltr'>εἶτ’</span> <span class='ocrx_word' id='word_1_676' title='bbox 945 4729 1012 4784; x_wconf 82' lang='grc' dir='ltr'>ἀνα·</span> <span class='ocrx_word' id='word_1_677' title='bbox 1057 4733 1119 4786; x_wconf 85' lang='lat' dir='ltr'>dere</span> <span class='ocrx_word' id='word_1_678' title='bbox 1130 4735 1162 4786; x_wconf 90' lang='lat' dir='ltr'>sit</span> <span class='ocrx_word' id='word_1_679' title='bbox 1177 4751 1286 4787; x_wconf 88' lang='lat' dir='ltr'>necesse.</span> <span class='ocrx_word' id='word_1_680' title='bbox 1314 4733 1483 4802; x_wconf 88' lang='lat' dir='ltr'>Liquescente</span> <span class='ocrx_word' id='word_1_681' title='bbox 1497 4731 1565 4784; x_wconf 89' lang='lat' dir='ltr'>enim</span> <span class='ocrx_word' id='word_1_682' title='bbox 1581 4732 1607 4782; x_wconf 92' lang='lat' dir='ltr'>in</span> <span class='ocrx_word' id='word_1_683' title='bbox 1623 4732 1684 4802; x_wconf 86' lang='lat' dir='ltr'>ipsis</span> <span class='ocrx_word' id='word_1_684' title='bbox 1694 4731 1841 4783; x_wconf 86' lang='lat' dir='ltr'>crateribus</span> 
     </span>
     <span class='ocr_line' id='line_1_68' title="bbox 235 4811 1841 4891; baseline 0.001 -23"><span class='ocrx_word' id='word_1_685' title='bbox 235 4811 389 4883; x_wconf 76' lang='grc' dir='ltr'>ὄληθείσης,</span> <span class='ocrx_word' id='word_1_686' title='bbox 414 4812 444 4869; x_wconf 83' lang='grc' dir='ltr'>τδ</span> <span class='ocrx_word' id='word_1_687' title='bbox 469 4813 612 4891; x_wconf 78' lang='grc' dir='ltr'>ίιπερχυθέν</span> <span class='ocrx_word' id='word_1_688' title='bbox 634 4817 681 4882; x_wconf 82' lang='grc' dir='ltr'>τῆς</span> <span class='ocrx_word' id='word_1_689' title='bbox 700 4817 813 4891; x_wconf 74' lang='grc' dir='ltr'>κορυφῆς</span> <span class='ocrx_word' id='word_1_690' title='bbox 830 4811 907 4888; x_wconf 80' lang='grc' dir='ltr'>ὑγρὸν</span> <span class='ocrx_word' id='word_1_691' title='bbox 931 4813 1013 4883; x_wconf 87' lang='grc' dir='ltr'>πηλός</span> <span class='ocrx_word' id='word_1_692' title='bbox 1057 4832 1129 4891; x_wconf 90' lang='lat' dir='ltr'>petra</span> <span class='ocrx_word' id='word_1_693' title='bbox 1137 4859 1146 4885; x_wconf 91' lang='lat'>,</span> <span class='ocrx_word' id='word_1_694' title='bbox 1160 4839 1189 4873; x_wconf 90' lang='lat' dir='ltr'>ac</span> <span class='ocrx_word' id='word_1_695' title='bbox 1200 4819 1295 4872; x_wconf 85' lang='lat' dir='ltr'>deinde</span> <span class='ocrx_word' id='word_1_696' title='bbox 1305 4837 1409 4871; x_wconf 89' lang='lat' dir='ltr'>sursum</span> <span class='ocrx_word' id='word_1_697' title='bbox 1422 4829 1520 4887; x_wconf 84' lang='lat' dir='ltr'>egesta,</span> <span class='ocrx_word' id='word_1_698' title='bbox 1534 4818 1631 4870; x_wconf 90' lang='lat' dir='ltr'>humor</span> <span class='ocrx_word' id='word_1_699' title='bbox 1645 4817 1735 4870; x_wconf 76' lang='lat' dir='ltr'>vertici</span> <span class='ocrx_word' id='word_1_700' title='bbox 1747 4836 1841 4888; x_wconf 65' lang='lat' dir='ltr'>supo-</span> 
     </span>
     <span class='ocr_line' id='line_1_69' title="bbox 237 4889 1839 4977; baseline 0.001 -23"><span class='ocrx_word' id='word_1_701' title='bbox 237 4897 292 4957; x_wconf 80' lang='grc' dir='ltr'>ίοτι</span> <span class='ocrx_word' id='word_1_702' title='bbox 318 4900 415 4974; x_wconf 73' lang='grc' dir='ltr'>μέλας,</span> <span class='ocrx_word' id='word_1_703' title='bbox 436 4897 503 4977; x_wconf 76' lang='grc' dir='ltr'>ῥέων</span> <span class='ocrx_word' id='word_1_704' title='bbox 525 4897 594 4956; x_wconf 71' lang='grc' dir='ltr'>κατὰ</span> <span class='ocrx_word' id='word_1_705' title='bbox 616 4902 662 4967; x_wconf 78' lang='grc' dir='ltr'>τῆς</span> <span class='ocrx_word' id='word_1_706' title='bbox 682 4899 792 4976; x_wconf 71' lang='grc' dir='ltr'>ὀρεινῆς.</span> <span class='ocrx_word' id='word_1_707' title='bbox 847 4889 913 4957; x_wconf 75' lang='grc' dir='ltr'>Εἶτα</span> <span class='ocrx_word' id='word_1_708' title='bbox 935 4899 1012 4970; x_wconf 75' lang='grc' dir='ltr'>πῆξιν</span> <span class='ocrx_word' id='word_1_709' title='bbox 1058 4907 1130 4960; x_wconf 85' lang='lat' dir='ltr'>lusus</span> <span class='ocrx_word' id='word_1_710' title='bbox 1142 4925 1247 4958; x_wconf 77' lang='lat' dir='ltr'>caenum</span> <span class='ocrx_word' id='word_1_711' title='bbox 1256 4915 1296 4958; x_wconf 88' lang='lat' dir='ltr'>est</span> <span class='ocrx_word' id='word_1_712' title='bbox 1307 4906 1411 4974; x_wconf 79' lang='lat' dir='ltr'>nigrum</span> <span class='ocrx_word' id='word_1_713' title='bbox 1423 4922 1470 4974; x_wconf 89' lang='lat' dir='ltr'>per</span> <span class='ocrx_word' id='word_1_714' title='bbox 1479 4903 1725 4957; x_wconf 80' lang='lat' dir='ltr'>montemdeomum</span> <span class='ocrx_word' id='word_1_715' title='bbox 1738 4905 1839 4966; x_wconf 89' lang='lat' dir='ltr'>ssuens;</span> 
     </span>
    </p>
   </div>
   <div class='ocr_carea' id='block_1_11' title="bbox 236 5058 1844 5214">
    <p class='ocr_par' dir='ltr' id='par_1_14' title="bbox 236 5058 1844 5214">
     <span class='ocr_line' id='line_1_70' title="bbox 275 5058 1841 5134; baseline -0.003 -19"><span class='ocrx_word' id='word_1_716' title='bbox 275 5065 316 5117; x_wconf 85' lang='lat'>18.</span> <span class='ocrx_word' id='word_1_717' title='bbox 329 5081 356 5133; x_wconf 91' lang='lat' dir='ltr'>p.</span> <span class='ocrx_word' id='word_1_718' title='bbox 377 5069 439 5127; x_wconf 73' lang='lat'>264,</span> <span class='ocrx_word' id='word_1_719' title='bbox 456 5068 482 5116; x_wconf 78' lang='lat' dir='ltr'><em>A</em></span> <span class='ocrx_word' id='word_1_720' title='bbox 487 5071 522 5118; x_wconf 88' lang='lat' dir='ltr'>D.</span> <span class='ocrx_word' id='word_1_721' title='bbox 536 5063 641 5117; x_wconf 85' lang='grc' dir='ltr'>σταδίων</span> <span class='ocrx_word' id='word_1_722' title='bbox 661 5063 699 5134; x_wconf 82' lang='grc' dir='ltr'>μ’]</span> <span class='ocrx_word' id='word_1_723' title='bbox 715 5063 758 5134; x_wconf 83' lang='grc' dir='ltr'>ρμ’</span> <span class='ocrx_word' id='word_1_724' title='bbox 769 5063 849 5117; x_wconf 87' lang='lat' dir='ltr'>codd.</span> <span class='ocrx_word' id='word_1_725' title='bbox 862 5065 1015 5128; x_wconf 88' lang='lat' dir='ltr'>Strabonis,</span> <span class='ocrx_word' id='word_1_726' title='bbox 1060 5075 1086 5118; x_wconf 88' lang='lat' dir='ltr'>et</span> <span class='ocrx_word' id='word_1_727' title='bbox 1098 5082 1159 5118; x_wconf 80' lang='lat' dir='ltr'>mox</span> <span class='ocrx_word' id='word_1_728' title='bbox 1170 5063 1346 5133; x_wconf 87' lang='grc' dir='ltr'>Ταυρομενείας</span> <span class='ocrx_word' id='word_1_729' title='bbox 1356 5062 1439 5116; x_wconf 90' lang='lat' dir='ltr'>codex</span> <span class='ocrx_word' id='word_1_730' title='bbox 1447 5082 1455 5127; x_wconf 85' lang='lat'>;</span> <span class='ocrx_word' id='word_1_731' title='bbox 1471 5060 1681 5132; x_wconf 81' lang='grc' dir='ltr'>εθφυῶς]φυαινιίἰς</span> <span class='ocrx_word' id='word_1_732' title='bbox 1691 5058 1760 5130; x_wconf 78' lang='lat' dir='ltr'>conj.</span> <span class='ocrx_word' id='word_1_733' title='bbox 1772 5060 1841 5111; x_wconf 49' lang='lat' dir='ltr'>Mein</span> 
     </span>
     <span class='ocr_line' id='line_1_71' title="bbox 236 5137 1844 5214; baseline -0.003 -20"><span class='ocrx_word' id='word_1_734' title='bbox 236 5141 310 5214; x_wconf 86' lang='lat' dir='ltr'>quod</span> <span class='ocrx_word' id='word_1_735' title='bbox 318 5144 582 5214; x_wconf 75' lang='lat' dir='ltr'>corrigas.ll-19.p.</span> <span class='ocrx_word' id='word_1_736' title='bbox 594 5148 655 5208; x_wconf 80' lang='lat'>266,</span> <span class='ocrx_word' id='word_1_737' title='bbox 665 5147 700 5196; x_wconf 78' lang='lat' dir='ltr'>A.</span> <span class='ocrx_word' id='word_1_738' title='bbox 709 5145 770 5208; x_wconf 80' lang='lat'>268,</span> <span class='ocrx_word' id='word_1_739' title='bbox 779 5144 1019 5214; x_wconf 76' lang='grc' dir='ltr'>ΑΒ.Ταυρομένειον</span> <span class='ocrx_word' id='word_1_740' title='bbox 1062 5142 1167 5208; x_wconf 65' lang='lat' dir='ltr'>rachium</span> <span class='ocrx_word' id='word_1_741' title='bbox 1178 5161 1210 5194; x_wconf 95' lang='lat' dir='ltr'>an</span> <span class='ocrx_word' id='word_1_742' title='bbox 1219 5142 1328 5212; x_wconf 78' lang='grc' dir='ltr'>συχνῶςί</span> <span class='ocrx_word' id='word_1_743' title='bbox 1341 5143 1391 5212; x_wconf 79' lang='grc' dir='ltr'>ΙΙ-</span> <span class='ocrx_word' id='word_1_744' title='bbox 1399 5159 1442 5196; x_wconf 84' lang='lat'>20.</span> <span class='ocrx_word' id='word_1_745' title='bbox 1453 5158 1481 5211; x_wconf 87' lang='lat' dir='ltr'>p.</span> <span class='ocrx_word' id='word_1_746' title='bbox 1492 5145 1554 5210; x_wconf 74' lang='lat'>269,</span> <span class='ocrx_word' id='word_1_747' title='bbox 1564 5143 1638 5194; x_wconf 74' lang='lat' dir='ltr'>Aba.</span> <span class='ocrx_word' id='word_1_748' title='bbox 1650 5137 1761 5208; x_wconf 76' lang='grc' dir='ltr'>πιαίνειν]</span> <span class='ocrx_word' id='word_1_749' title='bbox 1773 5157 1844 5199; x_wconf 68' lang='grc' dir='ltr'>πως.</span> 
     </span>
    </p>
   </div>
   <div class='ocr_carea' id='block_1_12' title="bbox 0 0 1963 5925">
    <p class='ocr_par' dir='ltr' id='par_1_15' title="bbox 0 0 1963 5925">
     <span class='ocr_line' id='line_1_72' title="bbox 0 0 1963 5925; baseline 0 0"><span class='ocrx_word' id='word_1_750' title='bbox 0 0 1963 5925; x_wconf 95' lang='lat' dir='ltr'> </span> 
     </span>
    </p>
   </div>
  </div>
 </body>
</html>
