3884 5925
294 408 380 485 svin
931 405 1224 471 rnomcorrmr

290 534 456 613 'Graecum,
471 531 592 599 facilius
605 546 652 599 esi
667 534 771 599 dicere
782 537 868 617 cuias
882 555 946 600 non
960 539 1070 612 suerii,
1115 537 1178 600 alia
1187 537 1288 617 magis
1299 535 1517 618 superstitione
1527 536 1766 615 goniilitiaehm
1776 542 1865 625 inerit,

297 624 766 705 quamcujasluerit3siqnidem
776 625 1073 705 AEgypiiumsenon
1116 626 1195 687 etin
1210 644 1273 705 qua
1293 625 1489 687 Constantius
1507 626 1575 705 ipse
1596 643 1681 706 saepe
1704 628 1865 695 substiterit.

297 704 391 774 luisse
402 712 467 787 (etsi
479 710 986 792 inAEgyptumdescenderiilmon
998 715 1074 775 Ara·
1116 715 1217 788 Quare
1230 712 1371 775 videatur
1388 712 1440 773 hic
1453 719 1563 774 auctor
1575 712 1617 775 de
1635 716 1827 797 Commagena
1842 727 1867 782 ei

297 796 388 875 hem,
405 817 467 861 non
488 800 717 880 Cappadocem,
736 818 806 861 ¹non
835 788 990 873 Galatam,
1007 818 1070 861 uon
1116 798 1275 881 Hierapoli
1292 800 1336 862 nil
1349 799 1470 877 egisse,
1485 800 1571 879 qnod
1587 798 1621 861 in
1638 818 1676 862 en
1690 802 1754 883 ipse
1767 808 1867 869 scrihe-

296 886 533 968 l’hrygem,non
543 888 735 963 Armenium,
750 904 812 948 non
822 888 1071 967 Paphlagonum,
1115 890 1173 947 ret.
1189 886 1251 947 Sed
1266 884 1362 965 priori
1378 884 1540 946 sententia
1554 884 1711 949 adhaereo.

296 992 359 1036 non
369 976 542 1049 Ponticum,
554 994 617 1037 non
626 976 777 1049 isaurum,
791 992 853 1035 non
865 991 903 1036 ex
916 975 990 1036 Asia
1000 977 1073 1037 Pro·
1157 999 1171 1025 ι
1194 974 1311 1034 Verum
1324 971 1506 1033 haeeomnia
1515 971 1619 1033 adhue
1633 972 1820 1055 scirepanrm
1830 980 1867 1041 in

295 1064 466 1141 consulari,
478 1081 539 1124 non
547 1062 739 1136 Thessalum,
752 1061 946 1141 apertissime
954 1062 1071 1140 prodit,
1115 1065 1224 1135 teresi,
1251 1060 1311 1121 nisi
1331 1065 1456 1140 tempus
1475 1060 1637 1135 macana,
1657 1062 1678 1121 i.
1698 1080 1727 1128 e.
1747 1068 1866 1131 seculum

295 1165 368 1211 cum
383 1149 515 1212 alienam
530 1148 624 1211 lldem
639 1150 773 1231 ubique,
797 1148 873 1211 dum
895 1150 927 1211 in
940 1150 990 1211 his
1008 1157 1070 1222 est,
1116 1164 1153 1211 ae
1165 1146 1396 1228 propemodum
1410 1164 1529 1226 annus,
1542 1165 1608 1229 quo
1618 1148 1671 1211 hio
1681 1147 1796 1213 libellus
1805 1171 1868 1215 eon·

294 1235 483 1319 interponat.
502 1236 581 1312 Quid
596 1236 710 1315 igitur?
731 1238 810 1297 Suui
829 1252 899 1315 quae
923 1235 1074 1299 inducant
1116 1233 1250 1314 scriptus
1268 1238 1335 1308 ost,
1361 1234 1618 1315 qnandoquidem
1640 1236 1742 1299 omnis
1762 1239 1867 1303 &emo

296 1324 408 1405 Syrum
425 1326 520 1385 luisse
534 1323 618 1384 hunc
632 1322 817 1402 scriptoram
841 1342 849 1383 ε
870 1321 1007 1402 primum
1025 1331 1074 1385 esi
1116 1320 1298 1403 graphia-ad
1310 1321 1463 1402 cujusque
1476 1322 1578 1385 auus
1597 1323 1747 1385 rationem
1761 1344 1866 1408 compa·

294 1420 403 1473 exacta
428 1411 480 1473 illa
503 1417 535 1472 et
555 1410 646 1472 anxia
667 1428 757 1489 paene
772 1409 868 1489 Syriae
886 1409 1070 1490 descriptio,
1116 1416 1183 1470 raia
1208 1414 1266 1473 est.
1290 1410 1439 1472 Seculum
1460 1409 1554 1488 igitur
1583 1412 1717 1473 auctoris
1742 1415 1866 1494 colligere

221 1526 223 1529 ·
294 1496 423 1559 uhinon
437 1502 602 1559 contentus
613 1494 812 1573 totiusSyriae
825 1495 933 1557 laudes
945 1502 976 1557 et
987 1515 1072 1557 sum·
1114 1495 1254 1575 primum
1275 1496 1368 1559 liceat
1388 1514 1427 1559 en
1446 1497 1607 1559 nonnullis
1621 1497 1747 1560 vocibus
1763 1500 1863 1579 latinis,

294 1602 378 1645 mam
397 1600 585 1665 proponere,
597 1582 645 1643 sci
659 1582 752 1643 ctiam
768 1581 994 1662 metropoleos,
1009 1586 1073 1645 An·
1115 1600 1193 1663 ques
1216 1584 1335 1646 Gracia
1354 1584 1607 1647 Constantiniano
1623 1586 1728 1650 seculo
1741 1591 1866 1668 etpmxi

294 1670 419 1732 tiochiaa
446 1678 539 1751 puin,
565 1669 648 1730 hona
675 1669 901 1750 ellerre(quod
933 1670 1071 1750 alioquin
1116 1679 1168 1730 mo
1182 1669 1232 1731 sui
1250 1672 1329 1751 juris
1345 1672 1412 1750 jam
1431 1672 1524 1745 feeit,
1539 1672 1801 1749 volusianum,
1820 1700 1866 1756 np

294 1756 388 1819 etiam
402 1757 520 1838 prolixe
532 1756 685 1833 iacit,uhi
698 1755 737 1817 de
751 1759 884 1837 AEgypto
897 1762 928 1818 et
942 1756 1074 1817 Alexan-
1114 1757 1237 1831 κήπων,
1262 1758 1418 1839 κιλλᾶριω,
1453 1759 1579 1840 pricipes
1613 1768 1687 1833 eiu,
1716 1778 1781 1841 qua
1806 1782 1865 1825 sane

294 1842 362 1905 dria
370 1862 461 1923 agere
471 1844 632 1923 instituit),
649 1844 824 1906 octodecim
836 1845 963 1925 insuper
974 1847 1072 1925 Syriae
1101 1844 1401 1907 'Constantinianum
1423 1846 1472 1908 rel
1493 1845 1673 1924 proximum
1697 1846 1725 1907 ei
1748 1849 1865 1909 sendum

294 1931 432 1994 civitates
443 1932 541 1993 claras
552 1930 732 2010 singillatim
746 1933 846 1993 terme
856 1934 1069 2015 persequitnr3
1115 1940 1257 2012 arguunt.
1271 1935 1338 1994 llos
1351 1931 1500 2015 primum.
1515 1932 1662 1995 Secundo
1673 1951 1710 1995 cx
1723 1943 1797 1997 siaiu
1806 1937 1864 1997 reli·

294 2036 367 2080 mox
385 2026 417 2081 et
437 2017 556 2081 duabus
577 2018 843 2081 observationibus
866 2020 1072 2099 singularibus
1115 2020 1216 2098 ginnis
1236 2020 1397 2099 gentilitia
1416 2039 1474 2101 per
1498 2038 1535 2083 ea
1548 2028 1707 2101 tempora,
1722 2038 1806 2101 quem
1824 2022 1864 2083 bic

294 2105 390 2187 Syriae
412 2105 653 2187 descriptionem
676 2106 811 2180 claudit,
826 2124 959 2187 quarum
987 2108 1073 2188 prior
1115 2114 1223 2168 auctor
1245 2106 1376 2179 indicat,
1393 2108 1510 2187 pariter
1529 2108 1673 2169 seculum
1691 2109 1813 2171 aueloris
1828 2109 1864 2169 di

294 2202 359 2271 est,
381 2195 455 2275 qnid
480 2195 564 2257 circa
586 2212 635 2255 res
658 2194 849 2255 necessarias
874 2198 906 2257 et
919 2195 1012 2257 utiles
1031 2197 1070 2257 ad
1115 2195 1222 2272 gnossi
1233 2200 1346 2274 potest.
1358 2196 1477 2274 Nempe
1490 2194 1576 2257 enim
1585 2196 1746 2277 Serapium
1757 2196 1864 2257 dioran·

292 2283 385 2345 vitam
403 2282 571 2343 humanam
586 2278 716 2360 singulae
730 2280 826 2359 Syriae
843 2280 981 2343 civitates
996 2300 1074 2345 con-
1114 2280 1192 2345 drise
1216 2281 1320 2344 adhue
1347 2282 1471 2343 stetisse
1497 2290 1566 2345 inm
1591 2289 1709 2369 aparte
1725 2282 1863 2361 significat.

293 2370 427 2443 lerreni;
454 2368 627 2449 posteriore
640 2369 813 2447 voluptates
829 2378 860 2429 ci
878 2369 1071 2449 voluptatum
1114 2371 1214 2441 Quare
1234 2386 1362 2431 necesse
1374 2378 1423 2431 esi
1443 2375 1515 2432 ante
1527 2370 1736 2433 Theodosium
1753 2372 1790 2432 bl.
1804 2370 1864 2430 scri-

293 2456 426 2519 artilices
441 2453 648 2535 persingulas
663 2455 759 2534 Syriae
770 2454 909 2516 civitates
928 2454 1073 2535 designa·
1115 2457 1220 2537 pserit,
1229 2456 1250 2517 i.
1259 2474 1287 2519 e.
1298 2463 1370 2519 ante
1379 2474 1430 2519 an.
1439 2460 1508 2519 391.
1520 2458 1555 2519 ld
1564 2457 1651 2519 enim
1660 2457 1700 2519 ah
1710 2474 1746 2519 eo
1753 2458 1865 2537 imperi·

292 2550 359 2605 tum
378 2542 448 2616 ivit3
460 2550 570 2621 etpost
583 2542 652 2604 haec
663 2540 785 2617 omnia,
800 2538 957 2605 brevitatis
968 2542 1072 2605 adhuc
1115 2552 1183 2607 iore
1204 2545 1397 2607 destructum
1419 2543 1595 2626 Eunapius,
1610 2546 1746 2607 Zosimus
1758 2550 1787 2605 et
1803 2542 1864 2603 scri·

291 2630 412 2692 reniam
427 2629 610 2710 deprecatus
627 2648 634 2690 :
654 2630 693 2690 Ei
714 2630 775 2689 haee
790 2629 933 2708 quidem,
950 2630 1069 2711 inquit,
1114 2638 1220 2711 ptores
1242 2632 1446 2695 ecclesiastici
1470 2638 1638 2695 testantur·
1651 2631 1736 2693 ldem
1753 2629 1863 2708 urgues

291 2718 387 2795 syriae
403 2738 444 2781 ec
464 2726 568 2798 perie‚·
586 2723 834 2799 praetermisimus
853 2722 932 2781 enim
955 2722 1069 2797 mulio,
1115 2720 1254 2781 Vestales
1268 2726 1389 2798 septem
1416 2722 1525 2781 liomae
1540 2724 1611 2783 tum
1627 2718 1728 2780 adhuc
1745 2717 1865 2779 morale·

292 2814 326 2865 rei
341 2808 574 2876 nonenieadere
589 2812 676 2867 eciru
691 2810 888 2883 opportunum
906 2812 1072 2869 orationem
1114 2806 1195 2869 cisse
1220 2804 1345 2880 scribit3
1366 2806 1457 2891 niqui
1480 2810 1591 2867 notum
1610 2811 1660 2868 est
1680 2811 1711 2867 et
1730 2811 1861 2872 nohum,

293 2894 461 2970 uideamur,
475 2901 504 2955 et
515 2900 628 2955 ceierae
640 2897 774 2972 repiones
783 2910 897 2973 quoque
911 2900 1072 2976 etproea'n-
1114 2892 1190 2975 qnid
1204 2894 1297 2974 paulo
1311 2899 1382 2975 post
1393 2893 1442 2954 his
1455 2894 1632 2974 contigerit.
1648 2891 1747 2955 Tertio
1757 2908 1790 2951 ex
1799 2896 1864 2951 siaiu

292 2983 356 3041 eins
368 2984 495 3044 sumere
507 2987 664 3061 possimus.
680 2980 821 3042 Alterum
837 2987 900 3057 est,
917 2983 1002 3064 quod
1016 2985 1071 3048 uhi
1114 2981 1239 3062 imperii
1254 2976 1385 3043 Romani
1400 2987 1433 3044 et
1450 2981 1489 3042 iis
1506 2999 1578 3060 qum
1597 2981 1639 3042 de
1657 2999 1694 3042 eo
1708 2977 1818 3050 scribit,
1836 2976 1861 3036 id

292 3067 332 3128 de
347 3069 446 3129 Roma
460 3066 711 3146 agereinstituit,
725 3067 937 3145 irianumina,
952 3069 1068 3147 Solem,
1114 3068 1217 3148 ipsum
1230 3068 1377 3148 colligere
1390 3066 1473 3132 licet
1494 3069 1636 3130 Primum
1655 3066 1736 3130 enim
1750 3064 1786 3126 de
1804 3065 1863 3124 Per·

291 3156 398 3217 lovem
414 3158 445 3215 ei
465 3155 594 3216 Matrem
609 3155 708 3214 Deum
733 3154 840 3216 Romae
859 3155 943 3218 colia
964 3157 1073 3219 obser·
1114 3155 1175 3230 sis,
1188 3155 1366 3234 Saracenis,
1382 3155 1513 3228 isauris,
1529 3157 1705 3221 Romanum
1721 3150 1862 3231 imperium

291 3248 353 3315 vat,
370 3257 483 3321 nempe
504 3240 576 3302 ideo
600 3239 686 3321 quod
710 3245 741 3300 et
756 3239 825 3302 hacc
849 3241 916 3322 ipse
933 3241 992 3304 tria
1013 3263 1073 3307 nu·
1114 3240 1329 3304 infestantibus
1343 3241 1423 3320 agit3
1436 3251 1468 3304 nt
1481 3242 1566 3303 enim
1584 3243 1646 3304 hoc
1660 3239 1734 3302 illud
1746 3237 1862 3300 seculum

292 3327 377 3390 mina
391 3330 539 3408 Syromm
549 3334 671 3400 cssent;
686 3327 817 3408 Jupiter,
835 3328 975 3408 inquam,
987 3332 1071 3393 unde
1114 3334 1178 3402 est,
1191 3335 1222 3390 et
1231 3329 1359 3410 quidem
1368 3329 1557 3406 Constantii,
1571 3329 1602 3392 in
1614 3327 1698 3408 quod
1707 3329 1770 3388 huc
1779 3323 1863 3388 omnia

290 3422 323 3476 et
336 3415 458 3494 lupiber
471 3415 577 3495 Syrius
587 3434 595 3487 ;
607 3414 675 3486 Sol,
687 3431 781 3496 quem
793 3415 907 3495 pariter
919 3422 954 3478 ut
961 3417 1071 3480 iovem
1113 3415 1317 3491 conveniunt,
1336 3415 1421 3496 quod
1435 3416 1467 3478 in
1482 3416 1564 3479 notis
1577 3417 1727 3497 prolixius
1744 3411 1861 3476 ostendo.

292 3497 351 3562 suh
376 3500 467 3562 variis
496 3500 676 3562 nominibus
701 3500 862 3576 colebant,
888 3507 919 3566 et
941 3505 1069 3583 quidem
1113 3502 1775 3584 Jamadiliaminisuspeata2mnnimenia
1785 3501 1863 3562 bleso

291 3588 450 3670 praecipuo
476 3589 561 3650 cultu
585 3587 740 3668 Heliopoli
759 3588 873 3668 Syria,
894 3589 979 3652 unde
998 3593 1071 3652 dees
1113 3589 1259 3668 potamiae
1280 3590 1384 3650 Persis
1404 3591 1566 3670 opposita,
1585 3589 1711 3652 urbium
1734 3586 1862 3649 claranum

290 3677 550 3756 Heliopolitarum,
562 3674 601 3736 de
616 3693 678 3757 quo
693 3680 724 3737 et
737 3675 913 3737 Macrobius
922 3677 954 3739 in
968 3679 1072 3740 Saeua
1113 3695 1169 3738 seu
1178 3677 1487 3756 metropolitanarum
1499 3677 1692 3758 singularum
1703 3671 1860 3752 designatio

290 3763 431 3838 nulibus3
447 3761 574 3824 taudem
595 3763 693 3824 Mater
717 3763 833 3838 Deum,
858 3781 929 3843 quse
944 3766 1070 3844 proprie
1112 3781 1201 3837 nem3
1218 3765 1431 3844 saryeusium
1438 3765 1732 3845 jurisconsultorum
1743 3759 1858 3840 copiam?

289 3847 361 3912 ideo
384 3851 448 3910 Deo
461 3849 553 3928 Syrio
568 3847 650 3930 apud
670 3851 827 3911 Romanos
841 3850 1018 3926 vocabatur,
1035 3857 1071 3914 ut
1112 3850 1253 3912 medicos
1278 3851 1523 3928 Alexandrinos,
1551 3870 1651 3932 equos
1670 3847 1862 3930 Cappadocum

290 3935 386 3999 tidem
401 3937 517 3998 iaciunt
533 3937 686 3998 Lucienus
701 3941 732 3998 et
747 3937 908 4016 Apuleius.
929 3939 1069 4002 Tertium
1112 3935 1304 4012 dominicos;
1340 3939 1461 4021 equites
1494 3937 1669 4018 sagittarios
1706 3932 1859 4000 Armenion

287 4030 506 4100 argumentum
531 4021 570 4102 (i)
588 4021 729 4102 praeheni
747 4041 838 4086 voces
853 4024 892 4085 ah
915 4041 952 4086 eo
977 4043 1070 4086 usur·
1111 4025 1310 4104 Cappadoces
1321 4031 1381 4088 eto.
1398 4025 1511 4106 partim
1523 4026 1650 4099 doctos,
1666 4023 1771 4103 partim
1782 4015 1861 4079 inmi-

288 4117 387 4190 paiae,
401 4108 510 4190 procul
520 4108 616 4170 duhio
626 4107 709 4189 apud
722 4111 815 4190 Syros
825 4111 961 4186 usitata,
972 4111 1068 4175 veluti
1112 4109 1240 4172 nisterio
1254 4111 1405 4192 principis
1427 4119 1495 4176 ium
1509 4113 1709 4183 constitutos;
1731 4108 1860 4172 delectum

288 4195 433 4257 selonitae
459 4195 543 4275 §32
562 4215 642 4278 quos
660 4197 713 4260 alii
735 4199 885 4266 καλοὸάτας
906 4199 1066 4278 dixerunt,
1111 4195 1455 4272 militumex‘l'bracia3
1470 4194 1861 4260 Athenarnmaliteriscom·

287 4301 346 4364 pro
361 4283 561 4346 funambulis.
574 4286 649 4346 liem
659 4285 744 4366 quod
752 4286 860 4366 Tyrios
875 4287 908 4349 in
921 4289 1068 4351 omnihus
1111 4283 1362 4361 mendationem3
1379 4283 1594 4366 Campaniam,
1615 4283 1770 4348 cellarium
1791 4276 1860 4342 urhis

288 4371 404 4450 portis,
434 4371 544 4444 πύλαις,
560 4377 702 4451 potentes
716 4378 806 4436 vocat
830 4373 887 4456 (ῆς
907 4375 958 4437 vir
981 4376 1066 4441 enim
1111 4370 1235 4446 R0111ae;
1249 4371 1416 4448 Sirmium,
1433 4371 1648 4443 Antiochiam,
1664 4364 1860 4433 mererinia-

289 4455 363 4517 nlihi
378 4475 472 4536 quam
486 4475 524 4519 ea
536 4463 625 4538 parte
636 4467 793 4542 parionem
808 4459 920 4522 harum
935 4463 1066 4528 mentio.
1112 4454 1294 4519 bilitionem
1317 4459 1560 4540 imperatorum
1576 4459 1707 4523 Gallim
1720 4455 1860 4544 imiimi?

288 4541 344 4622 Est
356 4549 461 4604 umen
481 4544 565 4623 quod
582 4552 613 4606 et
630 4547 874 4626 Commagenum
890 4565 945 4612 seu
960 4549 1069 4614 Hiera-
1111 4563 1182 4606 rum
1203 4545 1340 4620 asidam
1361 4545 1449 4610 urbis
1461 4547 1633 4608 'lresericas
1647 4553 1680 4607 ei
1700 4540 1860 4605 inlaesas

288 4627 462 4710 politanum
486 4627 581 4692 luisse
598 4632 727 4695 suadeat
751 4651 893 4714 :nempe
917 4636 1002 4714 quod
1027 4639 1067 4701 de
1111 4629 1223 4710 elogia.
1234 4633 1375 4694 Tandem
1393 4640 1515 4712 specii,
1532 4632 1649 4713 (1⁰1¹)OE
1663 4641 1806 4711 quamlli
1817 4637 1860 4716 Ψ·

288 4715 347 4778 bac
365 4716 487 4778 nullum
506 4718 636 4780 verbum
651 4718 756 4792 iaciat,
776 4737 849 4782 cum
863 4729 968 4784 tamen
983 4730 1068 4786 inuia
1112 4717 1184 4779 hem
1198 4721 1380 4782 excelluisse
1390 4726 1457 4782 ium
1466 4726 1568 4798 notat,
1579 4737 1635 4781 seu
1642 4720 1783 4798 cujusque
1790 4707 1860 4771 urbii

288 4801 383 4866 luerit
404 4803 646 4886 Hierapolitanae
667 4807 798 4870 civitatis
819 4809 916 4885 lama,
929 4817 964 4873 ut
982 4812 1068 4874 nulla
1112 4805 1243 4885 decoro,
1266 4807 1362 4872 veluti
1388 4807 1511 4883 vinum,
1538 4809 1742 4881 frumentum,
1764 4801 1858 4864 vasis,

1108 4895 1269 4973 jumenta,
1299 4895 1443 4970 metalla,
1473 4896 1612 4978 aliasque
1644 4891 1774 4975 species,
1802 4894 1860 4962 (11¹ae

1111 4999 1221 5044 omues
1240 4983 1377 5046 conferri
1390 5001 1430 5046 ex
1442 4982 1572 5064 singulis
1585 4981 1753 5046 civitatibus
1765 4977 1792 5034 ei
1804 4982 1860 5068 93⁰·

319 5097 354 5160 (¹)
368 5098 401 5148 ,t
412 5096 462 5147 ,pp
477 5101 529 5150 m„
546 5097 649 5162 ,Μ’
658 5112 683 5166 p.
694 5105 748 5152 519,
1111 5069 1220 5131 vinciis
1232 5070 1309 5134 lisca
1328 5071 1469 5135 solebant
1483 5071 1585 5150 (unde
1598 5067 1748 5150 elisacio
1759 5066 1859 5141 filiiflii
1904 5126 1905 5133 ,

320 5163 355 5231 (a)
371 5165 599 5234 nimandans
613 5173 652 5222 ii.
1113 5154 1225 5240 dicta)
1242 5179 1250 5222 ε
1268 5177 1343 5222 sane
1361 5160 1410 5225 vel
1428 5158 1529 5222 exhis
1552 5160 1656 5241 ejusce
1679 5149 1769 5220 seculi
1790 5133 1858 5226 quod
