3884 5925
228 438 231 449 ,
264 394 336 486 xxiv
907 379 1196 451 PROLEGOMENA
1238 446 1243 451 ,
1291 444 1296 449 .
1326 443 1328 447 .

264 487 328 594 rat3
342 516 373 579 id
389 516 472 599 enirn
488 533 549 578 non
566 514 604 575 ab
625 508 835 577 Eratosthenis
854 512 962 583 modo,
978 510 1033 572 sed
1080 518 1144 572 tem
1159 510 1360 591 conseripsit,
1376 508 1469 571 etiam
1483 507 1618 592 Dionysii
1633 510 1726 573 nostri
1736 512 1833 577 orbern

265 599 453 681 aPosirlonii
470 618 593 683 quoqne
611 586 758 679 computu
777 616 903 677 prorsus
922 598 1036 661 abhor-
1081 606 1233 659 terramm
1248 594 1427 658 adhibuisse
1443 597 1547 659 nullus
1562 615 1620 677 ego
1634 596 1748 661 dubito.
1763 602 1835 663 ladi-

264 700 328 769 ret,
346 690 481 769 ‚indeque
498 686 795 767 explicandum-esse
815 682 934 744 ridetur
951 682 1035 765 quod
1081 687 1129 746 cia
1143 684 1188 745 rei
1201 682 1298 746 habes
1311 682 1407 757 libii,
1421 688 1512 765 Dap.
1526 680 1585 746 eea
1595 684 1644 745 ed.
1656 686 1834 765 Poreherun,

264 766 428 855 Dionysius
438 792 550 835 oenum
566 772 763 845 orientalem,
780 788 875 849 quum
891 770 1038 831 ooeiden-
1082 771 1135 832 uhi
1149 772 1322 846 Ravennas,
1336 769 1425 831 sicuti
1445 770 1602 851 periegeta
1615 788 1657 831 rs.
1673 775 1747 848 are,
1758 775 1837 836 Pele

262 864 316 925 tall
344 861 533 925 obtusiorem
560 858 742 920 Posidonius
770 858 911 930 dixisset,
940 856 982 918 ob
1004 856 1035 917 id
1082 858 1210 938 ponnesi
1226 859 1333 920 domos
1350 864 1491 919 recenset
1504 856 1676 937 Alpheum,
1692 860 1835 938 Eurotam,

263 953 365 1033 ipsum
392 949 484 1009 etiarn
511 948 683 1009 breuiorem
713 964 780 1007 esse
808 944 958 1019 credidit,
988 944 1036 1004 vel
1080 946 1236 1011 Melanem
1265 950 1296 1006 et
1329 946 1476 1019 leonem,
1506 961 1640 1023 quorum
1677 953 1837 1024 postremus

263 1038 354 1099 etiam
370 1034 442 1095 inde
455 1033 538 1113 qood
553 1033 631 1093 mari
646 1033 755 1111 Caspio
770 1032 938 1091 immanem
951 1038 982 1090 et
993 1030 1037 1089 in·
1082 1032 1311 1093 commentitius
1323 1036 1353 1092 et
1364 1030 1612 1111 Dionysiierrore
1622 1042 1835 1112 prognatusest.

262 1122 400 1185 auditam
417 1138 543 1201 prorsus
567 1118 812 1199 magnitudinem
834 1116 952 1179 affinxit
969 1118 1034 1198 (rs.
1081 1118 1231 1180 Similiter
1246 1116 1348 1179 verbis
1361 1116 1499 1198 Dionysii
1516 1118 1638 1197 lll95l:
1659 1118 1836 1199 Ἀραχωτοὺς...

261 1209 349 1287 720),
1081 1202 1245 1285 Σατραΐδας,
1267 1206 1396 1285 Ἀριηνούς
1416 1204 1501 1285 apud
1516 1203 1552 1268 G.
1568 1207 1686 1281 Ram,
1711 1210 1740 1279 d,
1756 1226 1783 1285 p.
1803 1214 1837 1269 lt

300 1296 432 1357 Tabulas
447 1292 561 1373 quibus
581 1291 628 1353 rel
649 1294 714 1372 ipse
733 1294 895 1373 Dionysius
916 1294 965 1354 vel
983 1292 1036 1355 alii
1081 1290 1270 1372 respondent
1301 1290 1372 1354 haee
1410 1311 1418 1352 :
1451 1295 1837 1369 prouincias...rlroeolllorr,

260 1384 457 1462 periegeseos
472 1398 598 1441 carmen
609 1379 814 1455 illustrarent,
829 1380 941 1459 saepius
951 1398 1035 1442 eom·
1081 1380 1222 1454 Arsam,
1237 1380 1413 1454 Sotrtodoa,
1429 1376 1460 1439 iu
1471 1378 1584 1459 quibus
1595 1384 1719 1442 Arilaoo
1731 1382 1775 1442 rel
1787 1385 1839 1443 lor-

261 1478 437 1533 meruorant
453 1468 646 1545 scholiastae,
669 1473 702 1528 ut
714 1486 757 1529 ra.
774 1470 853 1529 409:
876 1468 920 1527 'liv
937 1472 975 1548 τῷ
990 1468 1035 1525 πί·
1080 1484 1164 1527 mam
1187 1465 1323 1526 nominis
1336 1464 1476 1545 epirum,
1501 1484 1563 1547 quo
1591 1474 1683 1546 poeta
1696 1485 1766 1528 usus
1782 1479 1837 1542 est,

260 1582 321 1616 νακι
336 1560 366 1617 οὐ
381 1564 466 1615 κοῖται
481 1553 681 1633 (Triphylia).
697 1554 749 1613 Vs.
771 1556 823 1614 5th
849 1571 855 1613 :
877 1554 1035 1632 Πεπάρηθος
1081 1552 1199 1633 prodit,
1213 1550 1360 1614 Salrtodae
1374 1569 1446 1611 vero
1461 1553 1527 1625 vel,
1543 1558 1578 1613 ut
1596 1553 1629 1613 in
1648 1554 1777 1634 Dionysii
1794 1577 1839 1618 eo-

261 1646 431 1703 stertente
451 1644 488 1719 τῷ
505 1644 551 1709 τῆς
574 1640 756 1719 χωρογροοίος
777 1641 877 1700 πίνακι.
894 1642 1032 1702 Eustath.
1080 1638 1201 1699 dinibus
1218 1636 1333 1699 nostris
1353 1638 1464 1717 legitur
1485 1640 1654 1714 Satraidae,
1669 1660 1778 1702 nornen
1799 1651 1839 1704 est

260 1724 300 1791 ad
314 1750 356 1791 rs.
368 1732 427 1791 330
440 1749 447 1789 :
460 1731 493 1788 ht
506 1728 672 1791 Κοκλοὶδες...
683 1726 727 1783 καὶ
743 1730 770 1785 αἱ
788 1726 920 1804 Dropides
976 1729 1034 1798 ἃςὴ
1078 1731 1131 1785 aut
1143 1731 1324 1806 corruptum
1335 1724 1375 1805 (ι’)
1391 1730 1444 1786 aut
1457 1722 1564 1805 popuii
1576 1726 1702 1789 aliunde
1722 1747 1778 1791 nou
1795 1748 1838 1792 eo

260 1822 306 1888 τῆς
324 1813 709 1892 περιηγήσεωςπινακογραφία
726 1812 773 1869 οὐκ
787 1811 850 1889 ἔχει.
865 1812 968 1874 Schol.
995 1814 1033 1874 ad
1079 1813 1166 1891 gniti.
1178 1814 1222 1873 EX
1236 1812 1346 1873 eadem
1361 1812 1496 1892 Dionysii
1514 1812 1619 1885 tabula
1634 1815 1838 1897 fluxeritquod

259 1906 372 1965 rs.533
390 1920 397 1962 :
415 1904 481 1966 Ταῖς
498 1900 633 1977 Σποράσιν
651 1901 794 1957 ἐπίκεινται
809 1903 836 1957 αἱ
851 1900 975 1971 Ἰωνίδες,
989 1902 1034 1958 οὐκ
1078 1900 1159 1981 apud
1177 1904 1212 1962 G.
1227 1902 1263 1959 R·
1285 1902 1317 1970 ὅ,
1344 1902 1394 1971 ἳΟ,
1417 1918 1448 1979 p.
1468 1904 1527 1962 279
1542 1900 1654 1980 iegitur
1669 1920 1676 1961 :
1693 1905 1743 1962 Ex
1758 1905 1839 1964 lutere

261 1990 362 2073 iporeae
378 1988 405 2047 δὲ
426 1985 473 2057 τὴν
486 1986 633 2065 ἐπιγραφὴν
654 1988 680 2041 ἐν
700 1989 737 2063 τῷ
756 1986 858 2046 πίνακι.
880 1988 932 2049 VS.
949 1989 1031 2047 242:
1076 1990 1225 2067 proedittae
1245 1990 1338 2067 Cypri
1349 1990 1456 2046 insuia·
1477 2004 1542 2067 qtlae
1558 1997 1704 2049 vocamur
1717 1990 1840 2050 Chelido-

260 2058 307 2135 ’liv
328 2076 366 2154 τῷ
389 2072 479 2132 πίνακι
493 2076 530 2151 τῷ
549 2072 606 2130 κατ’
627 2072 815 2151 Ἐρατοσθένην
838 2074 882 2131 καὶ
900 2072 1033 2132 Διονύσιον
1079 2079 1136 2134 nioe
1162 2074 1213 2157 iv..
1224 2072 1333 2147 inira).
1350 2076 1430 2134 inter
1450 2072 1572 2134 tabulas
1593 2074 1651 2137 aevi
1665 2074 1758 2135 medii
1776 2078 1840 2138 San·

260 2156 306 2220 obri
320 2163 434 2239 ἔγκειται
452 2160 540 2227 τὸτῆς
562 2156 697 2235 Αἰγύπτου
710 2162 802 2235 σχῆμα
818 2156 885 2217 >rabir
908 2165 922 2218 ὁ
940 2160 1034 2221 Διονύ·
1079 2168 1176 2223 tarem
1189 2161 1295 2243 (Essay
1305 2181 1358 2221 sur
1368 2164 1511 2223 l'ltt'sioire
1524 2163 1601 2223 dela
1616 2164 1838 2245 Cosmeprapbt'a

260 2240 314 2314 σιος
333 2246 452 2327 ἕκφρᾶζιι
466 2246 617 2322 τρίπλευρον
640 2244 780 2309 ἰσοσκελές.
791 2246 843 2305 Vs·
860 2248 918 2307 hio
933 2264 939 2306 :
956 2246 1033 2307 Ἰδίον
1080 2254 1156 2309 tom.
1172 2250 1195 2321 l,
1214 2266 1245 2327 p.
1258 2245 1349 2326 229),
1362 2244 1520 2327 tamquam
1532 2248 1705 2310 secundum
1717 2252 1839 2331 Dionysii

262 2326 369 2399 nisurus
392 2332 482 2411 ἔτυχεν
498 2338 513 2401 ἦ
529 2330 672 2408 Αἴγυπτος,
687 2330 776 2401 ἐπειδὴ
798 2335 844 2390 οὐκ
859 2332 927 2391 ἔστιν
945 2333 1032 2413 ὀλίγη.
1079 2342 1212 2413 sysiema
1249 2334 1490 2413 geographiounl
1528 2334 1716 2397 delinealam
1748 2338 1840 2401 laudat

258 2422 310 2482 Vs.
328 2424 386 2483 300
403 2441 409 2480 :
427 2422 483 2479 Οὐκ
506 2416 621 2493 ἔγκειται
636 2420 668 2497 τῇ
683 2418 762 2482 εικόνι
775 2420 806 2493 (ἡ
823 2418 912 2493 Πεύκη
924 2424 1032 2501 νῆσος).
1084 2440 1099 2477 a
1110 2422 1143 2481 lo
1157 2422 1372 2499 mappemonde
1393 2424 1429 2482 de
1441 2424 1471 2481 lo
1483 2427 1707 2503 rosmopraplrie
1720 2426 1839 2505 d'Asoplr

258 2506 411 2567 Nimirum
430 2502 558 2565 minoris
574 2502 692 2564 moduli
707 2504 820 2566 tabulae
839 2512 925 2567 erant
939 2524 1033 2590 quam
1078 2509 1119 2567 du
1134 2509 1266 2569 onzieme
1278 2511 1364 2569 atate
1380 2508 1432 2587 (a).
1451 2536 1464 2560 ι

258 2604 292 2655 ut
304 2594 408 2655 omnia
418 2589 559 2653 locorum
571 2590 698 2652 nomina
710 2590 835 2653 inscribi
848 2590 1030 2672 iispossent,
1117 2595 1185 2655 Jaru
1200 2614 1263 2677 quo
1288 2594 1379 2656 latius
1401 2613 1477 2657 usus
1489 2596 1600 2659 harum
1615 2598 1785 2660 tabularum
1801 2600 1839 2679 ip·

258 2698 351 2765 qoam
369 2679 408 2740 ob
421 2696 487 2739 rem
498 2677 752 2759 AEgyptusetiam
767 2680 917 2757 peculiari
930 2680 1033 2744 tabula
1078 2680 1203 2763 siusque
1229 2681 1423 2763 periegeseos
1451 2682 1586 2761 patuisse
1613 2684 1742 2760 ridetur,
1764 2693 1839 2747 tanto

153 2833 161 2839 ,
258 2764 501 2829 describebatur.
522 2763 638 2834 Quodsi
665 2764 860 2845 Nicephorus
884 2769 1033 2831 Dlemrui-
1078 2766 1191 2845 aegrius
1206 2769 1405 2829 ferendisunt
1418 2769 1495 2830 naevi
1511 2770 1625 2851 quibos
1641 2772 1701 2834 illae
1716 2772 1840 2833 dedero-

258 2854 354 2915 rlesin
367 2852 554 2935 geographia
569 2852 745 2931 synoptiea,
763 2869 854 2933 quam
866 2872 882 2916 e
895 2858 1031 2937 Dionysii
1078 2854 1234 2916 rebantur.
1259 2854 1309 2917 Sie
1326 2858 1398 2933 jure
1423 2857 1546 2918 mireris
1568 2858 1671 2919 sinum
1691 2859 1839 2921 Issicuma

257 2939 437 3021 paraphrasi
465 2937 608 3016 collegit,
634 2936 723 3002 initio
750 2940 852 3019 operis
876 2944 928 3022 (p.
955 2944 1032 3024 458)
1077 2942 1222 3022 Dionysio
1233 2942 1355 3005 extendi
1365 2960 1464 3024 usque
1476 2944 1514 3005 ad
1529 2944 1645 3008 insulas
1659 2946 1839 3009 Chelidonias

258 3027 333 3090 dicit
350 3047 357 3086 :
375 3027 413 3087 Τὸ
426 3029 449 3085 δ’
462 3025 528 3105 ὑπὲρ
544 3023 635 3085 τούτου
651 3027 811 3106 σφαιροειδὲς
825 3031 974 3105 Προποντὶς
990 3033 1033 3090 λέ-
1078 3034 1108 3089 et
1126 3029 1307 3090 Patarorum
1327 3030 1576 3110 promontorium
1599 3031 1667 3112 (lue
1682 3033 1768 3114 squ).
1789 3030 1838 3106 Qui

256 3138 330 3192 γεται
342 3119 415 3189 ete,
430 3131 523 3173 nemo
535 3131 596 3172 uon
611 3111 694 3174 videl
706 3112 771 3172 ludi
785 3115 965 3192 magistrum
982 3117 1033 3179 ba·
1077 3111 1203 3194 quidem
1218 3133 1306 3178 error
1325 3115 1440 3197 pendet
1460 3118 1499 3178 ab
1516 3118 1630 3195 altero,
1654 3139 1715 3202 quo
1734 3121 1839 3200 Cyprus

257 3201 329 3262 culo
342 3205 567 3260 monstrantem
582 3199 718 3260 tabulam
733 3199 818 3260 orbis
836 3201 1029 3284 Dionysiam,
1078 3201 1177 3262 insula
1193 3203 1235 3264 ita
1259 3204 1317 3264 sila
1330 3223 1399 3266 esse
1422 3204 1546 3280 dieitur,
1571 3213 1607 3268 ut
1627 3207 1667 3267 ab
1690 3227 1725 3269 ea
1745 3224 1840 3268 versus

257 3305 349 3368 quam
366 3287 399 3347 in
414 3285 529 3348 sobolis
544 3287 775 3348 usitatissimam
798 3285 892 3349 luisse
905 3291 1032 3369 colligas
1076 3289 1227 3349 orientem
1248 3290 1310 3350 sint
1330 3290 1439 3352 insulae
1455 3291 1646 3354 Chelidoniae
1665 3293 1759 3374 (508),
1779 3293 1839 3374 qoi-

256 3371 405 3451 exyerbis
417 3371 589 3432 cassiodori
598 3373 641 3432 De
657 3371 750 3434 instit.
764 3373 824 3434 div.
839 3379 877 3436 25
894 3379 1032 3438 :Deinde
1078 3375 1135 3438 bus
1157 3376 1297 3456 quamuis
1320 3375 1399 3436 nihil
1423 3377 1588 3440 absurdius
1610 3379 1673 3441 diei
1698 3379 1835 3460 potuerit,

253 3465 388 3538 pinacem
410 3459 548 3537 Dionysii
568 3460 674 3520 attevile
695 3459 821 3520 breviter
844 3465 1030 3538 cornprelrea-
1077 3459 1186 3522 eedem
1202 3469 1305 3523 tamen
1321 3464 1496 3543 eDionysio
1513 3467 1699 3527 transierunt
1711 3466 1740 3525 ia
1755 3465 1840 3526 isido-

179 3541 184 3548 '
254 3564 336 3617 sum,
355 3553 386 3606 ut
400 3547 481 3623 quod
494 3547 615 3606 auribus
631 3551 664 3606 tn
679 3565 772 3621 supro
787 3547 866 3607 dieto
880 3551 955 3608 libro
965 3569 1030 3626 per·
1076 3565 1145 3609 rum
1158 3595 1165 3620 ‚
1179 3549 1232 3630 qui
1246 3549 1357 3629 (origg.
1370 3554 1420 3628 il,
1436 3550 1468 3632 6)
1484 3553 1617 3634 Cyprum
1632 3554 1665 3613 in
1682 3552 1755 3613 mari
1773 3553 1838 3612 Car-

254 3639 374 3712 cipitur,
390 3651 473 3712 pene
485 3635 579 3694 omlis
593 3635 776 3704 intuentihus
786 3635 889 3694 videre
897 3642 1029 3712 possitis.
1077 3635 1181 3713 patbio
1196 3654 1264 3697 esse
1273 3636 1406 3715 positam
1420 3639 1515 3701 relert
1546 3648 1577 3702 et
1588 3657 1625 3701 ex
1635 3640 1750 3701 lsidoro
1761 3637 1840 3699 dein-

256 3719 578 3800 Porrogeographum
599 3719 806 3780 Ravennatem
831 3721 913 3782 inter
932 3723 1031 3785 varias
1076 3723 1250 3802 repsillata
1272 3731 1344 3785 sont
1366 3724 1397 3784 in
1422 3725 1617 3788 itinerarium
1642 3731 1712 3788 Ant.
1729 3745 1758 3808 p.
1775 3728 1836 3787 526.
1899 3795 1904 3807 ¹

254 3803 439 3886 tabulas(1]‚
453 3805 613 3888 exquibus
626 3807 776 3887 majorem
786 3808 888 3886 operis
902 3805 949 3869 sui
962 3828 1030 3890 par·
1075 3807 1194 3870 Eodem
1217 3809 1309 3874 etiam
1326 3811 1461 3890 pertinet
1479 3813 1563 3893 quod
1577 3815 1774 3894 Geographus
1787 3811 1839 3872 lla-

284 3975 400 4046 astenoit
416 3978 507 4032 attinet
525 3981 589 4034 orbis
606 3983 726 4031 terrarum
742 3981 860 4042 tabulam,
878 3996 951 4044 qoam
969 3985 1030 4042 libro
1073 3983 1184 4032 retermu
1200 3984 1343 4047 seriptomm
1358 3983 1419 4033 loeis
1439 3985 1595 4048 eomprohare
1615 3983 1680 4036 lieet.
1700 3989 1761 4043 Quae
1775 3983 1839 4045 urigo

252 4055 330 4117 primo
347 4052 503 4117 Geogrsphus
520 4053 578 4101 liar.
596 4051 719 4110 dmuibit,
734 4051 896 4116 averolonge
910 4054 1031 4106 aberravit
1074 4053 1180 4102 exhiberi
1196 4053 1274 4102 solem
1290 4053 1381 4102 tabulae
1390 4054 1483 4119 quasia
1494 4056 1690 4104 arentelleeatrei
1699 4058 1725 4105 et
1735 4052 1839 4103 ilemdati

252 4124 395 4176 Theodorus
420 4125 568 4183 Mormuseu,
597 4122 640 4183 qui
663 4125 782 4174 ranarum
800 4121 981 4183 dispositionem
1004 4125 1029 4174 in
1073 4121 1207 4171 aliorumve
1223 4125 1351 4170 auotororn
1363 4122 1527 4172 vetustiorum
1542 4122 1672 4186 descripte
1685 4136 1767 4174 manes
1786 4125 1839 4172 sont

252 4209 281 4245 ea
301 4193 438 4246 serrrnuum
451 4191 562 4256 agrippe
581 4187 665 4240 orbem
681 4190 775 4252 pictum
796 4191 902 4240 exhiheri
924 4196 1027 4255 putarit.
1074 4191 1219 4251 salsissimas,
1227 4203 1306 4253 quum
1314 4192 1406 4241 fretum
1417 4191 1563 4241 Gaditanum
1573 4196 1663 4254 ponant
1675 4194 1724 4244 iere
1737 4194 1761 4242 ia
1771 4189 1839 4241 Rhodi

252 4261 438 4312 Reconstruenti
464 4262 536 4310 islam
561 4259 669 4310 tabulam
696 4259 765 4307 larile
788 4261 879 4322 patebit
904 4267 1028 4313 auctorem
1073 4261 1195 4322 parallelo,
1214 4260 1240 4309 in
1254 4274 1304 4322 quo
1318 4265 1374 4312 aute
1390 4261 1560 4316 Dicaearchum
1577 4262 1616 4310 vix
1633 4262 1753 4326 qtlisltiam
1767 4261 1790 4310 id
1804 4272 1839 4324 tlt>

253 4331 306 4392 ejus
322 4331 360 4378 vel
377 4331 401 4378 in
416 4329 473 4379 asia
488 4331 527 4378 vel
546 4329 571 4378 in
586 4329 666 4390 alique
683 4327 762 4380 insula
780 4327 843 4376 Asiae
864 4330 971 4389 proxima
994 4343 1029 4387 ae
1073 4329 1156 4380 suerit.

253 4399 310 4448 darn
327 4397 450 4448 habuisse.
467 4397 583 4448 Proclivis
598 4399 681 4460 itaque
698 4395 837 4456 retractura
852 4400 890 4445 est
912 4397 937 4445 iu
960 4400 1029 4459 syria
1103 4399 1138 4459 (lt
1154 4396 1363 4447 aroneudnmerst
1375 4398 1399 4446 ir
1413 4401 1465 4448 not.
1476 4399 1509 4448 ed
1521 4413 1558 4449 rs.
1573 4405 1632 4452 1097
1649 4401 1714 4465 opud
1730 4401 1839 4450 namon

255 4469 291 4518 rol
314 4466 486 4528 Hierosolymis
502 4480 516 4516 a
531 4465 670 4516 christiano
690 4465 855 4514 homirreesso
873 4464 1028 4517 delhreatmn,
1073 4470 1195 4528 (eluet)
1203 4481 1248 4530 pro
1260 4469 1400 4519 Satraidae
1408 4469 1454 4530 legi
1464 4475 1563 4530 sapam
1572 4468 1695 4533 midam,
1705 4471 1839 4520 anismam

252 4541 366 4588 Attamen
379 4549 456 4598 quum
469 4537 538 4586 easit
546 4535 722 4584 continentium
731 4533 825 4590 (baisio,
842 4537 870 4584 ut
881 4537 977 4596 Europe
988 4535 1025 4584 di·
1071 4537 1200 4599 legendum
1222 4549 1276 4586 esso
1291 4535 1360 4586 baud
1375 4537 1564 4600 improbabiliter
1586 4540 1688 4600 conjecit
1706 4537 1836 4588 lludsonus.

253 4605 352 4655 midiam
363 4604 514 4654 totiusorbis
528 4605 621 4668 partem
632 4603 740 4652 obtineat
753 4615 780 4651 ex
790 4603 1027 4666 sententiareterurn
1071 4605 1132 4654 dum
1153 4610 1260 4656 sutram
1278 4607 1360 4668 reponi
1380 4619 1409 4655 er
1426 4605 1541 4669 Dionysio
1562 4609 1642 4658 voluit
1659 4604 1836 4656 lt'ernsdorlioa

251 4675 445 4740 geographorum
460 4674 602 4734 ionimrum,
613 4671 769 4730 verisimilius
783 4672 1027 4724 estorblsterrarurn
1071 4675 1157 4725 lt'eaeio
1173 4689 1205 4724 aa
1220 4675 1350 4725 Satraidae
1370 4675 1479 4737 Dionysii
1492 4691 1541 4725 non
1554 4677 1645 4727 diversi
1658 4677 1746 4727 simne
1760 4677 1838 4723 sollo·

251 4747 444 4804 «imirationem,
458 4745 483 4792 in
502 4757 577 4806 quarn
595 4757 652 4794 suos
665 4745 737 4794 lusos
754 4743 909 4793 christianus
926 4741 1027 4806 quan
1071 4745 1152 4807 pytte,
1167 4745 1354 4796 arachosiorum
1368 4745 1537 4808 uirtuisquos
1555 4761 1623 4798 unus
1637 4748 1755 4798 morat
1771 4745 1840 4794 itero

253 4815 366 4874 sataliae
383 4816 481 4867 vuasto
496 4811 579 4873 aliquo
592 4812 730 4874 geographo
749 4823 844 4874 paco,
858 4812 942 4874 quim
962 4813 1029 4862 leuia
1072 4813 1146 4862 dotos
1157 4817 1181 4872 ³,
1196 4819 1242 4863 el„

254 4885 319 4944 risit,
329 4898 382 4934 esse
395 4881 535 4946 proiectam.
547 4884 573 4930 ln
589 4881 709 4943 ejusmodi
728 4885 810 4930 autem
827 4881 893 4932 orbis
911 4881 1029 4932 divisione
1104 4881 1136 4942 (2)
1153 4886 1217 4932 luter
1227 4881 1372 4932 remotiores
1384 4881 1491 4943 Dionysii
1509 4883 1593 4932 orbern
1603 4874 1838 4932 terrarumnrabula

253 4957 305 5004 tiori
320 4969 366 5002 non
383 4951 462 5017 potnit
480 4952 538 5014 qrrin
554 4951 627 5000 lber-ia
638 4955 663 5000 et
678 4951 759 5011 ,eune
774 4951 964 5013 septentrionalis
974 4965 1029 5013 ysare
1072 4952 1329 5014 repraesentantium.
1341 4955 1414 5000 ilenr.
1430 4952 1533 5001 Vossius
1547 4951 1640 5002 inedit.
1656 4943 1837 5014 Pelopt'lrgtlii,

251 5023 353 5072 oreidua
367 5023 444 5070 roone
455 5021 549 5083 longius
568 5033 642 5080 quam
657 5019 777 5068 delebant
798 5031 886 5070 versus
903 5021 1028 5070 meridiem
1073 5022 1178 5084 indeque
1194 5023 1325 5071 euserius
1338 5022 1363 5069 in
1380 5021 1437 5070 edit.
1454 5021 1563 5082 Dionysii
1584 5023 1659 5084 (hius.
1676 5020 1757 5081 ¹828).
1781 5021 1838 5071 Qum

251 5093 438 5147 deduremrmrr.
459 5091 665 5153 aenenpsetalem
677 5093 797 5140 terrarum
807 5092 882 5142 sitnm
896 5092 1029 5142 ruusdrsh
1072 5095 1153 5140 tamen
1166 5090 1295 5140 delineatio
1311 5093 1399 5153 praeter
1416 5093 1489 5139 tarra
1498 5091 1600 5140 formam
1615 5091 1770 5151 οφενδονοιιδή
1784 5079 1838 5132 nihii

252 5177 306 5212 rous
321 5161 472 5224 geographos
480 5164 505 5210 et
514 5160 640 5210 historiens
656 5159 699 5212 sihi
711 5161 851 5211 eliormasse
860 5162 1029 5224 eorrrplm'ibus
1075 5162 1124 5211 irre
1137 5161 1237 5224 praebet,
1248 5161 1312 5216 unde
1332 5175 1388 5222 qrrae
1403 5161 1501 5225 propria
1513 5161 1562 5216 sint
1575 5162 1692 5224 Dionysi,
1707 5163 1837 5222 cognom
