3884 5925
292 417 364 505 xvii]
806 463 809 469 ·
943 421 1253 491 PROLBGOMBM·

290 547 365 621 dem
379 566 416 611 ex
427 546 509 611 Gillii
520 554 552 609 et
562 542 944 611 Belloniietlournelorlii
957 554 1063 626 aucto-
1083 565 1090 640 y
1148 548 1340 629 subjungere
1359 545 1455 612 liceat
1466 542 1612 610 nonnulla
1631 564 1699 627 qnae
1712 559 1780 612 oum
1794 548 1857 616 bio·

291 632 380 704 ritate
394 634 552 713 Libyssam
572 642 699 695 censent
713 652 779 695 esse
794 632 979 695 hodiernam
998 638 1063 712 Djl·
1108 635 1194 715 nysio
1217 641 1323 714 utpote
1355 634 1421 696 riro
1444 653 1460 697 e
1490 635 1632 715 Bithynia
1652 636 1777 700 oriundo
1797 651 1855 721 apte

290 720 402 795 hlauta,
418 727 509 801 atque
533 722 665 801 lapieus
686 730 723 781 eo
747 738 928 799 progressus
956 727 1002 780 est
1028 726 1063 783 ut
1108 722 1253 803 componi
1269 727 1393 803 queant.
1409 719 1538 782 Romam
1555 720 1645 799 poeta
1661 742 1704 798 rs„
1719 724 1772 785 336
1783 739 1857 791 rorat

291 806 503 890 conspirantes
528 826 688 869 mensuras
711 807 940 869 itinerariormn
957 826 1062 869 manu
1108 810 1209 887 μητέρα
1235 807 1346 867 πασάων
1374 806 1487 879 πολίων,
1512 807 1666 884 imitatus,
1685 817 1718 869 ut
1739 810 1855 889 ridetur,

289 892 512 955 violentissima
525 894 564 955 ad
576 894 665 955 istam
678 894 927 957 accommodaret
941 900 1063 955 senteu-
1093 936 1095 941 ·
1108 896 1285 975 exemplum
1298 892 1380 975 quod
1394 913 1449 957 sua
1458 894 1559 977 ‘ipsius
1569 894 1660 957 aetate
1669 894 1785 975 Bithyni
1794 920 1857 977 pra-

288 981 381 1054 tiam,
398 999 491 1060 quam
502 982 572 1059 iure
589 981 813 1061 Wesseliugius
827 981 1014 1061 suspectarit
1030 989 1063 1045 et
1107 981 1239 1053 iverant;
1257 988 1339 1043 certe
1357 984 1489 1046 Romam
1509 975 1670 1061 μήτρόσολνν
1691 986 1786 1046 roeari
1806 989 1858 1065 pri·

288 1068 467 1129 Mannertus
482 1067 654 1141 damnarit,
675 1074 821 1149 tantoque
833 1068 937 1129 minus
950 1068 1063 1129 admit·
1107 1087 1193 1129 mum
1211 1068 1353 1131 ridemus
1375 1076 1514 1147 tempore
1533 1066 1698 1150 Domitiani
1724 1069 1755 1131 in
1777 1091 1859 1136 numo

287 1154 416 1215 leudam
431 1172 499 1215 essa
522 1154 647 1217 duxeris
661 1174 758 1237 quum
781 1155 897 1240 liqueat
910 1157 1061 1228 Djihr'zom
1105 1155 1377 1218 Nicomedensium
1396 1153 1447 1236 (l).
1539 1147 1542 1152 ’

287 1258 355 1302 csse
368 1240 415 1310 rip
434 1240 595 1311 Araxtdutar
621 1242 806 1323 scriptorum
824 1240 1061 1321 byzantinorum
1146 1242 1263 1306 Plinius
1276 1248 1326 1317 37,
1343 1247 1375 1316 4,
1396 1246 1432 1305 15
1447 1261 1454 1303 t
1470 1240 1654 1303 Metrodorus
1665 1243 1802 1316 Scepsius,
1821 1242 1858 1307 in

287 1346 419 1407 eamque
425 1328 491 1408 jam
504 1329 671 1391 memorari
681 1329 857 1393 iuValentis
867 1330 1061 1412 imperatoris
1106 1329 1340 1409 quiquoniam
1355 1332 1518 1391 Germania
1528 1336 1557 1391 et
1568 1328 1857 1413 Basiliaiaralnaara'

208 1413 215 1427 '
286 1410 415 1476 historia
426 1414 489 1475 sive
501 1434 539 1477 eo
550 1412 779 1496 tempore‚'quo
789 1417 947 1497 libyssam
958 1416 1061 1479 adhuc
1109 1416 1169 1496 (se.
1197 1413 1425 1493 adamantem),
1447 1422 1480 1477 ia
1506 1431 1566 1495 pau
1589 1419 1753 1489 ruminum,
1776 1418 1855 1493 rotas,

186 1542 190 1551 ·
287 1500 1058 1566 memorantLibaniusetAmmianusMareellinus.
1105 1506 1222 1580 quareo
1233 1504 1367 1583 eqrrtdem
1379 1499 1856 1591 4οοοστήτ,(1ι’σα“4,οιρνσσῐστιοσαιι

287 1587 416 1660 Quaado
442 1588 569 1667 perierit
586 1606 701 1657 nomeu
721 1588 873 1669 Libyssae,
891 1588 1058 1652 nescimus.
1106 1590 1193 1661 hias,
1206 1592 1284 1667 qaod
1300 1591 1489 1665 sotsumeaae
1500 1594 1566 1665 qais
1578 1588 1712 1647 dubitet?
1724 1588 1856 1650 lletrorlo

287 1674 444 1736 Exstincto
466 1681 571 1735 nutem
591 1674 684 1753 hujus
709 1675 770 1737 loci
800 1674 978 1748 memoria,.
995 1676 1061 1737 lieri
1106 1676 1243 1753 rasilis,
1256 1676 1363 1757 Scepsi
1374 1685 1476 1752 natus,
1488 1672 1682 1735 Chalcedone
1693 1672 1722 1732 in
1736 1674 1856 1755 Bithynia

286 1758 378 1821 facile
401 1758 501 1837 potuit
520 1766 555 1821 nt
575 1760 712 1839 Dionysii
735 1759 959 1841 interpretibus
976 1761 1060 1826 idem
1105 1762 1180 1825 vixit
1201 1762 1335 1845 indeque
1357 1762 1450 1823 etiam
1473 1756 1698 1823 Chalcedonius
1714 1761 1856 1822 vocabatur

286 1846 442 1909 accideret
460 1846 542 1925 quod
561 1846 637 1907 olim
651 1847 813 1909 Hannibali
834 1848 983 1909 accidisse
1001 1849 1064 1909 ler-
1109 1851 1228 1930 (Straho
1241 1870 1273 1930 p.
1289 1850 1371 1923 609).
1386 1851 1482 1909 Tanto
1497 1847 1592 1925 igilur
1603 1845 1722 1907 facilius
1735 1845 1856 1925 intelligi·

286 1938 347 1995 tur.
383 1922 651 2005 Quemadmodum
680 1933 763 1995 enim
795 1933 947 1995 Hannibal
978 1932 1062 1994 loris
1106 1944 1167 2012 tur,
1181 1942 1234 2017 qul
1251 1938 1366 1998 lactum
1381 1935 1421 1995 sit
1434 1942 1469 1995 ut
1481 1930 1646 2012 Dionysius
1661 1949 1776 2012 quoque
1791 1932 1855 2013 (344]

288 2018 447 2082 Ammonii
462 2018 546 2081 dicto
568 2038 575 2079 τ
594 2016 716 2081 album
736 2024 828 2099 κρύψιν
850 2023 932 2099 βῶλος
945 2020 1061 2090 ’arrideo
1106 2024 1145 2085 ad
1164 2043 1315 2086 oceanum
1340 2020 1497 2083 borealem
1520 2037 1584 2079 non
1607 2018 1700 2079 modo
1719 2019 1856 2079 succinum

287 2106 379 2181 δέμας,
392 2104 495 2185 Liby'ae
510 2112 625 2169 terram
644 2107 775 2169 iudicari
786 2106 929 2187 opinatus
942 2115 1004 2179 est,
1021 2107 1063 2167 si·
1108 2110 1162 2172 sed
1188 2112 1280 2172 etiam
1303 2109 1499 2171 adamantem
1529 2104 1660 2184 reperiri
1689 2104 1799 2182 prodat.
1820 2108 1857 2165 Ex

286 2186 403 2257 militer
412 2193 947 2273 scholiastaeDionysium,eLibyssa
959 2192 1062 2273 Bithy·
1109 2186 1857 2273 eodemMetrodoro,quemPeriegeticumappel-

286 2279 347 2341 niae
372 2280 557 2356 oriundum,
575 2280 606 2341 in
622 2280 718 2359 Libya
731 2288 837 2343 natum
854 2300 921 2341 csse
934 2282 1062 2344 credere
1106 2284 1148 2343 lat
1160 2283 1336 2346 Lactantius
1351 2281 1391 2341 ad
1410 2283 1486 2342 Stat.
1506 2280 1604 2341 Theb.
1628 2283 1657 2353 3,
1674 2282 1746 2353 tra,
1763 2282 1870 2360 Diony.

286 2370 463 2445 potuerunt.
476 2365 559 2426 Nihil
573 2371 676 2427 nmen
688 2366 771 2447 cogit
781 2374 815 2427 ut
829 2368 1061 2444 itastaluamns,
1108 2371 1171 2431 sius
1188 2370 1326 2433 fortassis
1342 2369 1435 2431 etiam
1457 2368 1517 2429 alia
1532 2366 1676 2449 quaedam
1695 2366 1732 2428 de
1745 2368 1856 2431 boreali-

286 2452 433 2531 quoniam
447 2450 524 2513 nihil
537 2450 686 2531 impedit,
699 2452 865 2531 quominus
881 2470 978 2529 genus
990 2454 1063 2517 Dio-
1106 2454 1163 2531 hus
1178 2455 1354 2535 regionibus
1371 2454 1446 2515 alibi
1466 2472 1529 2518 uon
1552 2451 1644 2515 obvia
1663 2458 1806 2516 mutuatus
1819 2464 1856 2517 ast

285 2537 391 2617 nysius
405 2537 527 2599 drrxerit
539 2540 577 2599 ab
599 2540 636 2599 iis
651 2540 704 2619 qui
721 2540 782 2603 nna
795 2557 868 2601 cum
890 2538 1061 2605 Hannibale
1109 2540 1155 2623 (v.
1173 2550 1236 2606 not.
1254 2542 1294 2603 ad
1308 2542 1398 2621 356).

286 2641 324 2685 ex
337 2624 437 2685 Africa
452 2624 483 2684 in
506 2624 680 2705 Bithyniam
702 2624 952 2703 commigrarant.
977 2626 1062 2688 Cete·
1146 2632 1298 2691 Hactenus
1312 2627 1350 2690 de
1365 2626 1464 2708 patria
1475 2622 1615 2707 Dionysii
1626 2647 1633 2700 ;
1641 2627 1707 2705 jam
1720 2624 1856 2687 rideamus

285 2728 355 2772 rum
376 2710 402 2771 si
428 2717 512 2773 recte
539 2710 634 2774 babet
655 2712 818 2791 Dionysius
846 2711 899 2777 ille
921 2710 1060 2789 Ιονιίινοσ,
1107 2714 1145 2776 de
1162 2722 1251 2777 arurle
1268 2714 1444 2794 scriptoris,
1461 2713 1511 2773 de'
1525 2732 1586 2795 qua
1608 2712 1639 2773 in
1660 2710 1857 2773 diversissimas
1916 2705 1917 2712 '

284 2814 380 2875 quem
396 2796 495 2861 Guido
507 2816 543 2859 ex
562 2817 715 2877 anonymo
732 2798 828 2865 seculi
846 2798 968 2879 septimi
988 2799 1062 2864 sori·
1106 2809 1208 2880 partes
1222 2800 1279 2866 riri
1293 2799 1375 2863 docti
1387 2801 1547 2874 abierunt,
1561 2817 1735 2879 quanquam
1750 2798 1855 2876 plurimi

285 2891 374 2961 ptore
385 2882 484 2959 allen,
499 2883 667 2945 tenendum
679 2890 725 2945 est
735 2882 773 2945 ab
786 2885 853 2961 ejus
863 2884 918 2944 aeri
929 2885 1061 2946 auctori·
1105 2888 1199 2952 rerbo
1212 2889 1293 2949 hane
1308 2888 1511 2971 questionem
1525 2886 1663 2966 tetigisse
1677 2884 1746 2945 satis
1760 2885 1856 2947 habue-

285 2970 344 3030 bus
362 2969 462 3032 virum
488 2969 655 3050 Bithynum
670 2970 765 3034 eliam
783 2971 904 3032 lonium
923 2970 987 3032 diei
1005 2990 1062 3050 po·
1105 2985 1188 3038 runt.

283 3053 381 3118 tuisse
401 3054 453 3135 (l).
478 3055 528 3116 Sic
542 3055 574 3116 in
599 3055 752 3120 Chronico
772 3053 914 3120 Paschali
937 3063 1012 3118 tom.
1034 3061 1058 3133 1,
1144 3063 1283 3127 Primum
1299 3060 1391 3146 igitur
1406 3059 1594 3140 chionysii
1608 3078 1696 3122 versu
1710 3061 1763 3120 355
1778 3078 1784 3118 :
1798 3055 1856 3134 be

284 3159 317 3220 P·
337 3143 376 3204 59
398 3140 448 3202 ed.
466 3143 565 3205 Bonn.
590 3141 672 3205 inlel'
691 3143 827 3204 sedecim
843 3143 1060 3211 odinationibus
1106 3174 1159 3227 μην
1179 3151 1324 3227 τιμήσωσιν
1344 3153 1414 3229 ἐμῶν
1439 3147 1522 3228 μέγαν
1545 3141 1616 3206 οἶκον
1638 3146 1769 3220 ἀνάκτων,
1787 3152 1856 3206 recle

284 3225 432 3301 ὀνομαστὰς
446 3235 559 3306 praeter
570 3226 781 3303 Clazomenas,
793 3227 948 3292 Phoceam
959 3275 967 3304 ‚
978 3230 1060 3294 Prie·
1105 3237 1279 3301 scholiastae
1289 3227 1479 3315 collegerunt
1491 3242 1616 3316 poetam
1630 3229 1856 3294 nonnisissesub

284 3325 361 3387 ιῚθῐῑν
378 3311 541 3390 Erythras,
563 3315 709 3388 Samum,
726 3317 838 3392 Teum,
859 3315 986 3395 Chium,
1002 3320 1061 3380 Co-
1105 3325 1295 3398 consulibus,
1310 3312 1755 3404 sedtemporeimpera'torum.
1773 3317 1855 3378 lrdem

283 3397 467 3480 lophonem‚
479 3399 636 3480 Ephesum
646 3403 848 3479 etSmyruam
859 3413 1060 3468 recensentur
1104 3409 1278 3475 accuratius
1292 3417 1414 3490 tempus
1429 3411 1472 3472 ita
1486 3407 1688 3482 definierunt,
1703 3411 1736 3466 ut
1748 3403 1794 3467 alii
1809 3403 1855 3464 sub

284 3481 377 3549 eiiam
400 3485 581 3560 Perinthus,
612 3485 787 3550 Chalcedon
810 3494 841 3550 et
869 3491 1057 3570 Byzantium.
1105 3501 1261 3579 Augusto,
1283 3497 1337 3559 alii
1359 3513 1433 3559 vero
1457 3488 1559 3556 minus
1582 3494 1658 3559 false
1676 3489 1735 3556 sub
1753 3489 1855 3552 Nerone

284 3569 403 3633 Similia
418 3567 467 3634 bis
485 3572 582 3637 habes
605 3573 637 3637 in
651 3573 731 3644 libro
751 3573 989 3638 Generatiouum
1007 3596 1056 3658 ap.
1103 3582 1284 3662 Dionysium
1308 3571 1448 3644 floruisse
1472 3577 1641 3645 statuerent
1660 3580 1711 3658 (bl.
1730 3579 1786 3638 Nos
1806 3592 1856 3635 nou

283 3659 421 3736 Ducang.
446 3655 486 3719 ad
503 3659 620 3722 calcem
635 3662 746 3722 Chron.
764 3660 903 3722 Paschal.
920 3663 963 3722 Cl.
980 3663 1059 3724 Mul·
1331 3658 1335 3666 ¹
1556 3665 1560 3671 ⁴
1650 3673 1653 3678 ’

283 3742 418 3820 lenhotr,
447 3745 503 3824 Dte
535 3747 694 3811 Walttarte
720 3747 771 3809 des
784 3746 909 3810 Kaisers
930 3751 1056 3828 enpust.
1135 3801 1170 3864 ω
1190 3733 1363 3864 mm
1377 3725 1516 3870 mn„
1536 3753 1633 3863 ⁴ij
1650 3817 1680 3850 :a
1692 3797 1753 3850 m
1766 3790 1857 3853 m]

282 3833 378 3910 p'143‘
546 3902 548 3912 ο
623 3919 625 3926 ,
1103 3869 1186 3920 vaani
1202 3870 1366 3931 (Battmuimt
1378 3871 1518 3934 1414440φί10
1531 3865 1682 3936 modiatio,
1696 3879 1749 3930 qum
1762 3877 1811 3912 eum
1818 3858 1854 3910 ali

1102 3938 1220 4000 quamdiu
1236 3940 1368 4003 lem'limam
1378 3941 1428 3990 rim
1444 3953 1491 3993 nec
1504 3940 1642 3990 simulatam
1656 3938 1794 3988 coloniarum
1803 3931 1853 3980 aba

278 4043 281 4049 .
313 3997 348 4058 ti)
363 4001 429 4051 tlara
437 3999 560 4063 quoddam
568 4002 663 4054 lonium
674 4005 743 4067 juxta
751 4001 888 4068 Bithyniam
904 4002 979 4052 situm
991 4005 1056 4053 rler-
1102 4007 1196 4057 unisset
1210 4011 1289 4060 varias
1297 4010 1323 4058 iu
1335 4011 1416 4073 partes
1431 4007 1595 4065 abductorum,
1606 4007 1694 4059 aenum
1709 4001 1811 4067 oopltad
1822 4011 1857 4049 aas

297 4065 360 4116 ellus
379 4079 457 4132 nuper
471 4070 604 4122 mandarit
619 4073 644 4121 ln
661 4072 814 4135 Apollonium
828 4071 949 4121 Rhodium
963 4079 987 4133 a,
1003 4077 1056 4132 745,
1102 4077 1316 4139 οσοσσῑτσοσῐσπὶ,
1326 4073 1856 4142 quevelproviaaamapruapaturmeae

281 4133 323 4184 ubi
337 4146 415 4197 qaum
428 4139 547 4200 leharea,
562 4141 728 4190 limaeleeusis
737 4142 786 4204 agri
801 4140 901 4198 lluriua
915 4139 1012 4192 dicatur
1026 4142 1059 4197 at<
1102 4149 1153 4208 aar,
1163 4148 1202 4197 vet
1211 4147 1328 4210 diffluae
1339 4159 1465 4212 apumque
1477 4151 1504 4198 σο
1513 4147 1713 4201 mmmm
1721 4140 1856 4194 mmm

281 4203 327 4252 sta
339 4206 429 4267 Baithana
439 4209 454 4266 ἠ
463 4210 491 4257 ai
500 4227 514 4266 η
522 4227 544 4268 ν,
555 4210 684 4260 Merkelius
698 4209 729 4259 de
738 4212 877 4275 conjectura
886 4213 970 4267 Ἰονίην
986 4211 1058 4273 scrip
1102 4217 1175 4266 laude
1187 4223 1342 4282 prmtarent,
1352 4221 1382 4267 ut
1394 4222 1517 4284 memo
1532 4231 1576 4282 per
1590 4220 1728 4266 Graeonrum
1742 4212 1855 4261 ”hiim

283 4274 322 4323 nt.
334 4291 347 4316 ν
357 4277 448 4338 Ἠοίην,
460 4277 548 4340 inquit,
558 4282 603 4329 aut
614 4281 680 4343 ἠῴην
689 4280 837 4343 explicatum
849 4293 897 4329 non
912 4279 1002 4338 habeta
1017 4283 1057 4329 to·
1102 4287 1176 4336 enam
1188 4287 1234 4337 nae
1247 4287 1413 4351 amplitudinis
1433 4285 1531 4338 nodone
1544 4284 1723 4335 tenuaretur.
1738 4284 1809 4336 Quam
1821 4288 1856 4336 νν

282 4345 325 4392 tus
332 4344 423 4422 Pupius
430 4345 530 4396 brdiaari
539 4347 639 4409 noquita
655 4348 722 4398 sinus
737 4349 761 4397 in
778 4361 852 4410 quem
865 4349 943 4399 atlluit
956 4349 1056 4409 durius,
1102 4358 1217 4407 mantem
1233 4357 1337 4406 nominis
1350 4357 1471 4406 mamm
1489 4356 1616 4419 perspicue
1636 4355 1690 4418 post
1704 4344 1855 4413 spaubuainm

282 4409 446 4490 aboandcute
459 4419 504 4466 est.
519 4419 571 4465 Aut
582 4417 657 4480 igitur
666 4417 820 4468 scribendum
828 4417 895 4475 inim
905 4431 950 4481 pro
959 4417 1057 4468 nomme
1102 4425 1232 4475 armatus
1245 4429 1274 4475 D.
1289 4429 1318 4476 lt.
1337 4440 1360 4490 p.
1377 4433 1399 4487 l,
1422 4427 1470 4476 rol.
1493 4430 1517 4487 4,
1536 4439 1559 4488 p.
1577 4429 1622 4475 27³
1641 4437 1694 4486 squ.
1713 4423 1787 4477 Qum
1798 4411 1854 4475 Μ

282 4492 336 4559 ομιτ
349 4493 426 4540 sinus,
442 4487 487 4533 aut
494 4485 636 4547 temptanda
649 4488 795 4550 coniectura.
811 4487 907 4536 lonium
921 4499 988 4536 mara
1001 4500 1058 4549 pars
1102 4496 1237 4558 exemplum
1262 4496 1449 4546 mmmm
1473 4499 1547 4545 ,m
1570 4493 1699 4544 namium}
1717 4485 1852 4554 pretim

282 4548 438 4600 ocerdorrtalls
451 4553 522 4604 Ponti
536 4555 622 4606 Euxini
640 4556 690 4619 [ad
707 4558 761 4607 latri
775 4559 815 4607 ost
845 4558 853 4620 ]
872 4557 946 4607 etiarn
960 4562 985 4617 4,
1002 4565 1055 4610 288.
1102 4576 1156 4624 sua,
1169 4577 1326 4627 quacunque
1339 4579 1369 4616 aa
1382 4565 1463 4624 tuerit,
1479 4564 1559 4628 potnit
1570 4562 1690 4620 aarum
1704 4562 1796 4610 limi
1808 4563 1854 4600 Μ·

282 4623 328 4670 ³08
341 4623 503 4683 nuncupatur.
522 4623 664 4674 ammianum
673 4626 827 4676 Marcellinus
844 4635 881 4689 22,
893 4632 935 4678 lt:
946 4630 1057 4689 napata
1103 4635 1183 4684 lessus
1191 4647 1245 4683 esse
1252 4634 1373 4683 dominam
1383 4647 1411 4682 aa
1417 4635 1549 4696 principem
1557 4636 1699 4683 cunctarum
1710 4627 1830 4678 eiulatum.
1844 4638 1854 4660 ν

282 4691 367 4738 uocati
379 4689 449 4752 qnod
459 4704 510 4752 per
517 4706 561 4742 σοο
574 4694 706 4757 qnondam
720 4695 815 4746 Inachi
825 4695 913 4760 litto...
931 4695 969 4747 ¹ud
982 4711 1056 4748 artare
1133 4705 1167 4762 (ο)
1181 4702 1262 4752 schol.
1273 4703 1305 4752 ad
1317 4717 1354 4752 vs.
1369 4707 1414 4752 ³55
1428 4722 1434 4750 ι
1448 4703 1523 4766 hobed
1538 4719 1593 4759 φησι
1605 4703 1643 4750 διὰ
1654 4701 1746 4762 Νέρωνα
1754 4696 1791 4742 τον
1800 4693 1856 4751 fleu·

284 4759 397 4836 1044444444Ι
406 4764 584 4839 permeante.»
599 4764 643 4814 llis
655 4778 717 4826 opus
738 4779 787 4814 non
800 4769 860 4826 erat,
875 4780 953 4828 quum
966 4766 1058 4818 codicis
1101 4772 1216 4821 ὶιύσανσα
1228 4776 1276 4820 τῶν
1285 4769 1469 4834 ‘Perpetua-‘lp'
1477 4771 1506 4820 ab
1515 4772 1604 4832 ἐγένετο
1615 4773 1628 4818 ο
1639 4761 1853 4824 τοινθςῦῑθνύσωῖν

283 4827 439 4878 inurendam
459 4829 532 4880 launo
544 4831 611 4888 ἠοίην
629 4833 774 4894 explicatum
795 4835 884 4886 habeat
904 4836 1054 4886 laeblimnm.
1101 4840 1133 4896 ὥς
1148 4856 1218 4899 φησιν
1234 4839 1303 4894 αὐτός
1320 4841 1372 4901 (va.
1391 4837 1475 4899 lobni·
1495 4838 1634 4887 «Abourica
1647 4837 1783 4898 Baetim-¹
1798 4824 1853 4874 idem

282 4896 401 4947 llimirum
416 4897 485 4950 sinus
506 4898 549 4960 qui
564 4900 601 4949 ab
616 4901 748 4952 Aehemsia
762 4905 822 4966 ἂκρα
837 4917 923 4954 uersus
942 4903 1055 4956 occiden-
1102 4907 1134 4956 ad
1146 4922 1183 4958 vs.
1201 4914 1260 4958 1052
1276 4929 1282 4956 ι
1296 4908 1408 4956 Αὐσονίαν
1419 4907 1545 4970 βασιλῆος]
1557 4912 1599 4955 τοῦ
1615 4910 1726 4966 Νέρωνος·
1738 4901 1771 4948 ἐστὶ
1783 4895 1853 4943 τούτου

282 4969 334 5044 ium
345 4965 457 5028 partinet,
477 4967 599 5018 amatur
615 4972 777 5032 promontorio
791 4973 941 5036 adjacentem
953 4972 1057 5025 habente
1103 4977 1148 5040 γὰρ
1159 4981 1260 5039 ἢκμαζεν
1276 4981 1289 5025 ὁ
1304 4979 1432 5034 Διονύσιος·
1451 4978 1558 5040 Κράσσον
1580 4977 1625 5038 γὰρ
1637 4972 1756 5033 Ῥωμαίων
1771 4977 1853 5047 aspam-

281 5035 390 5114 4444414444Ι
397 5049 453 5097 quie
468 5036 499 5086 ab
513 5037 566 5088 aliia
574 5039 687 5100 Thynias,
702 5040 851 5102 Daphnusin,
862 5043 1009 5104 Apollonias,
1025 5043 1058 5094 ab
1098 5041 1147 5107 ’γὸν
1164 5047 1262 5105 ὰντῖλον,
1279 5047 1306 5096 ὃν
1326 5047 1455 5104 mamaea
1466 5047 1599 5106 Αὔγουστος
1609 5043 1720 5096 ὑποτάξας
1730 5036 1812 5111 uincit·
1828 5044 1854 5082 ⁰3

283 5103 409 5182 ΛΡΟῙῙᾩΙΜ
420 5107 505 5158 ²⁰30OE
516 5111 556 5164 (²,
566 5113 611 5158 286
621 5109 629 5164 )
639 5110 699 5169 ἑῴου
710 5111 928 5169 Ἇπὸὶὶωννςνῆσος
936 5114 1056 5172 roceum
1102 5117 1161 5176 μηδὲ
1176 5115 1231 5178 δίχα
1246 5116 1372 5178 Ῥωμαίων
1388 5115 1486 5178 &aelia
1499 5115 1602 5164 ἵσταντο.
1619 5115 1646 5161 ln
1663 5109 1701 5158 his
1708 5104 1855 5156 maranen

286 5169 344 5223 ΝΜ
358 5173 528 5234 'bituminum
542 5178 614 5236 140014
628 5175 749 5234 mahalat
760 5179 869 5241 appelln-
904 5235 907 5241 ,
1102 5197 1158 5232 rum
1171 5185 1215 5245 qui
1224 5184 1271 5234 sub
1283 5187 1378 5234 Nerone
1393 5183 1504 5233 llornisse
1523 5179 1664 5244 Dionysiana
1679 5174 1791 5235 dixerunt,
1804 5177 1853 5216 ⁰⁰⁰·
