3884 5925
583 382 758 445 ANAPLUS
780 382 937 441 nosrottt
958 379 1129 439 Tusstctl.
1636 385 1654 435 s

86 523 202 595 serapidis.
217 518 418 587 »Quamobrem
439 518 465 569 in
483 518 552 581 sinu,
563 533 640 587 quem
661 504 745 569 Greci
759 512 837 583 hujus
880 513 935 564 sive
947 510 1066 579 intelligit
1076 512 1192 581 Cyaneas
1202 518 1307 571 cautes,
1319 509 1452 575 cingentes
1464 508 1613 577 Bosporum
1628 516 1656 559 et

87 612 151 665 atatis
161 604 285 679 appellant
296 603 364 655 Dios
373 608 462 665 Sacro,
475 600 563 653 lanum
576 602 648 654 Jovis
661 600 740 652 suisse
754 598 837 651 videri
882 597 1093 667 promontorium
1107 604 1288 665 nuncupatum
1311 595 1436 667 Fanum,
1450 592 1495 645 ubi
1516 593 1658 663 scriptores

88 704 169 767 potest,
185 690 326 761 praesertim
341 704 403 739 cum
416 704 494 757 supra
506 686 548 750 id,
569 685 641 756 quod
656 704 727 738 nunc
746 693 838 736 vocant
882 684 958 752 louge
967 682 1127 751 antiquiores
1138 680 1230 733 dicunt
1241 679 1367 733 duntaxat
1375 690 1489 749 quatmr
1501 678 1585 731 stadia
1593 680 1658 731 latas

88 773 163 849 Ἱερόν,
174 780 303 845 Bosporus
317 782 408 845 pergat
419 782 542 841 angustus
554 772 622 825 ultra
641 772 695 824 duo
714 772 836 831 miliaria,
883 788 938 823 esse
951 769 1082 837 augustias
1093 806 1101 830 ,
1114 784 1192 838 supra
1205 784 1270 836 ques
1284 767 1401 818 eminent
1419 765 1475 819 duo
1488 764 1607 829 matella,
1621 765 1659 817 ul·

89 868 190 918 nimirum
211 877 293 929 usque
318 858 353 910 ad
371 850 437 910 Ilios
457 863 552 919 Srrcm,
573 856 638 911 adeo
653 867 681 907 ut
699 856 735 907 ibi
754 856 839 925 aliqua
883 866 968 909 terum
983 873 1014 907 ex
1028 854 1227 917 Asia,alterum
1241 854 1472 923 exEuropa,quae
1480 854 1566 905 Gne
1575 868 1659 922 risque

88 955 144 1005 loris
153 968 192 1001 ara
205 948 292 1001 luerit.
329 948 428 998 Tamen
441 944 565 1014 templum
579 945 651 997 Jovis
667 944 735 1010 Urii‚
751 943 840 995 termi·
883 942 915 995 ad
928 942 999 994 bunc
1008 940 1079 993 diem
1087 950 1180 992 ineam
1189 930 1270 1010 Ἱερά,
1278 938 1323 991 ιιίοί
1332 938 1502 1007 antiqualana
1512 937 1590 991 luisse
1597 956 1658 991 cum

35 1022 50 1067 ¹·
90 1056 128 1089 nus
138 1035 237 1103 Bospori
251 1031 285 1083 ab
300 1031 451 1084 auctoribus
466 1030 617 1090 celebratus,
632 1028 683 1080 illic
699 1046 752 1079 non
772 1028 839 1089 suit,
883 1045 914 1079 ex
927 1026 1064 1079 antedictis
1072 1042 1205 1095 assequor,
1218 1036 1276 1077 tum
1287 1043 1320 1076 cx
1332 1025 1397 1075 meis
1409 1023 1656 1093 oculisetpedibus,

90 1134 109 1172 ct
123 1130 221 1171 erratum
240 1135 296 1169 esse
314 1118 342 1167 in
364 1114 536 1167 Straboniano
549 1114 639 1165 codice
650 1112 689 1164 vel
710 1131 742 1165 ex
761 1115 841 1182 ipsius
884 1114 980 1185 quibus
987 1112 1053 1166 infra
1060 1110 1451 1179 ostendamnbultimisBospori
1460 1108 1579 1161 faucibus
1589 1111 1659 1163 inter

90 1206 200 1259 Strabonis
211 1202 297 1254 verbis
309 1202 404 1271 liquet,
413 1218 473 1253 cum
484 1202 520 1253 ait
530 1198 600 1269 apud
612 1198 736 1267 templum
746 1200 842 1268 Byzan·
884 1201 1075 1255 chalcedonem
1090 1212 1116 1253 et
1129 1201 1281 1269 Byzantium
1294 1199 1351 1250 sitis
1362 1197 1395 1250 ad
1406 1198 1508 1250 castella
1520 1189 1590 1265 ‘lupi
1604 1216 1660 1251 esse

90 1292 168 1343 tiomm
179 1298 204 1341 et
216 1286 452 1341 chalcedoniorum
468 1285 561 1337 fretum
579 1286 769 1337 strictissimum
787 1302 843 1335 csse
885 1299 990 1340 centum
1007 1295 1034 1338 et
1047 1286 1138 1354 viginti
1156 1282 1254 1336 stadia:
1269 1300 1383 1351 qnorum
1397 1284 1462 1335 situs
1475 1282 1590 1335 ostendit
1602 1284 1661 1335 uul-

91 1378 154 1427 totius
161 1372 264 1442 Bospori
273 1412 280 1433 ,
290 1370 319 1423 id
331 1370 403 1439 quod
413 1388 465 1423 non
480 1380 518 1421 est
527 1368 595 1439 apud
609 1370 695 1420 sinum
708 1386 843 1437 nuncupa·
886 1374 938 1425 lum
952 1374 1038 1425 locum
1053 1374 1080 1423 in
1092 1374 1210 1441 Bosporo
1222 1380 1275 1423 tam
1289 1380 1379 1439 aptum
1391 1386 1447 1421 esse
1455 1368 1489 1419 ad
1501 1368 1660 1421 obsidendas

92 1473 135 1513 tum
143 1460 200 1511 Dios
210 1464 301 1518 Sacra,
319 1468 375 1511 lum
385 1457 465 1523 magis
479 1473 510 1507 ex
523 1456 634 1507 Arriano
647 1454 754 1524 (Petlpl
769 1458 783 1520 S
796 1456 842 1523 37l
885 1462 996 1531 Bospori
1015 1458 1101 1511 lauces
1117 1476 1196 1529 quam
1218 1458 1290 1509 locus
1306 1455 1350 1508 ubi
1365 1456 1445 1508 bodie
1458 1446 1540 1525 Ἱερὸν
1551 1454 1659 1518 dicitur,

93 1544 188 1597 tradente
207 1544 323 1613 Cyaneas
340 1540 509 1611 quadraginta
527 1538 609 1591 stadia
631 1536 727 1591 distare
747 1556 761 1591 a
783 1539 843 1591 sane
886 1543 1030 1614 ejusmodi,
1046 1544 1155 1614 qualisa
1169 1542 1277 1613 Polybio
1290 1540 1456 1593 describitur.
1470 1564 1482 1587 ι
1494 1542 1594 1592 Fanum
1606 1558 1663 1593 essa

93 1627 286 1691 lorisUrii,ubi
302 1625 372 1679 idem
389 1627 469 1677 totius
483 1625 592 1694 Bospori
606 1641 636 1675 os
649 1624 843 1676 strictissimum
887 1630 951 1681 dicit
969 1629 1057 1681 locum
1085 1638 1178 1681 mrum
1198 1627 1417 1688 munitissimum,
1432 1626 1512 1677 situm
1530 1626 1559 1677 in
1585 1628 1662 1678 Ponti

93 1734 135 1767 Μ
144 1714 215 1777 didi·
229 1712 380 1782 ibidemque
392 1730 448 1763 5⁵0
462 1712 558 1763 ⁰³¹ll¹¹¹¹
572 1711 649 1763 Ρῦὓῑῑ
661 1709 744 1765 addit·
782 1710 843 1763 Phl-
887 1717 964 1777 ostio,
976 1733 1054 1786 quem
1067 1716 1184 1786 Byrantii
1198 1716 1296 1782 ingenti
1310 1714 1420 1783 pecunia
1435 1714 1540 1764 mercati
1555 1712 1663 1766 luissent

94 1804 191 1859 montis
204 1812 232 1855 et
250 1800 393 1869 Diunmirs
409 1798 552 1867 Byzantius
563 1796 655 1849 dicum
668 1812 722 1849 esse
734 1808 847 1867 quotuor
880 1795 1376 1871 opportunitatclocipellecti,ncullam
1386 1814 1510 1866 cuiquam
1518 1795 1665 1849 commodi·

94 1882 611 1955 tffllom2··dlfflllcl²¹ffll³⁰lyblffl'lls
632 1884 675 1951 39,
692 1868 846 1950 emeritens
881 1900 959 1942 tatem
969 1886 1147 1955 relinquerent
1160 1886 1187 1937 in
1197 1887 1312 1937 Pontum
1327 1883 1408 1935 velex
1417 1886 1503 1937 Ponto
1512 1882 1662 1952 navigandi,

95 1974 166 2027 lanum
181 1976 254 2027 loris
272 1973 370 2025 distare
391 1968 426 2025 ab
439 1972 545 2042 Europa
565 1956 705 2022 duodecim
726 1968 806 2023 stadia
816 1980 842 2032 ²;
890 1974 938 2024 uisi
950 1972 978 2023 id
991 1990 1051 2025 cum
1064 1971 1198 2025 voluntate
1211 1969 1307 2021 moeret
1320 1969 1515 2037 Byzantiorum.
1531 1989 1542 2015 ν
1556 1970 1582 2019 Is
1591 1967 1665 2019 locus

94 2062 208 2129 objicietur
220 2062 300 2113 etiam
318 2061 477 2129 Procopius,
490 2058 595 2111 tradens
609 2058 696 2111 Asiam
708 2067 786 2127 atque
797 2056 847 2108 Eu·
890 2060 910 2113 si
925 2058 957 2111 ad
970 2060 1131 2129 superiorem
1142 2058 1220 2110 Ponti
1229 2057 1377 2118 introitum,
1390 2056 1607 2107 intercurrentem
1622 2056 1663 2107 iu·
1679 2112 1687 2125 ‚

95 2166 167 2220 repam
185 2150 284 2201 circum
310 2146 433 2217 Abydum
447 2156 482 2199 et
513 2148 613 2199 Sestum
636 2159 717 2215 prope
735 2146 803 2196 inter
821 2158 848 2195 se
890 2146 1387 2216 terlilyrleiumctsinumnuncupatum
1395 2143 1459 2193 Dios
1467 2142 1553 2203 Sacra,
1566 2140 1665 2205 luisset,

95 2233 212 2296 amedee,
227 2234 376 2302 iterumque
400 2233 469 2285 circa
488 2232 640 2301 Byrantium
658 2242 684 2283 et
706 2228 847 2281 Chalcedo·
891 2231 937 2283 ubi
949 2232 1081 2299 Bosporus
1089 2228 1185 2299 largior
1198 2230 1315 2281 etmulto
1323 2226 1668 2299 rapidioretundiqueders

95 2335 143 2369 nem
160 2335 240 2387 usque
259 2316 294 2369 ad
315 2328 400 2387 petras
416 2316 531 2386 Cyaneas
547 2314 609 2368 olim
631 2314 782 2386 appellatas,
804 2315 848 2367 ubi
894 2334 970 2386 rupes
981 2324 1127 2386 praeruptae,
1138 2326 1254 2367 nonmm
1265 2316 1313 2384 ipsi
1322 2314 1386 2367 alies
1398 2314 1576 2383 impedissent,
1587 2330 1667 2383 quem

95 2402 166 2453 lanum
178 2403 248 2453 nithe
259 2403 294 2453 ita
305 2402 472 2471 appellatum.
510 2404 541 2453 ln
554 2401 673 2452 hisenim
687 2399 849 2451 locisdccem
893 2405 1044 2473 semetipsos
1056 2420 1110 2455 non
1124 2402 1248 2455 babentes
1259 2419 1345 2470 neque
1355 2400 1524 2453 commodum
1536 2415 1668 2455 acoessum

95 2486 223 2539 stadiorum
236 2487 371 2539 intervallo
386 2504 470 2555 eoque
483 2488 569 2539 miuus
585 2496 695 2554 utraque
715 2486 850 2536 continens
895 2507 981 2559 neque
993 2497 1110 2560 portum,
1148 2487 1224 2541 Adde
1237 2487 1310 2557 quod
1323 2488 1442 2540 hostibus
1455 2487 1669 2540 commoditatem

94 2584 213 2643 separatur
221 2573 255 2625 ab
269 2572 360 2626 altera.
397 2573 502 2640 Quibus
519 2571 626 2641 objectis
638 2565 850 2641 respondendum
894 2574 1058 2644 reliquissent
1081 2572 1218 2625 muniendi
1239 2573 1450 2643 promontorium
1473 2571 1545 2641 quod
1568 2573 1669 2625 Fanum

95 2670 126 2711 est
141 2678 192 2711 non
206 2658 346 2727 intelligere
360 2658 497 2729 Polybium
521 2658 554 2711 dc
570 2656 706 2709 latitudine
722 2656 850 2727 Bospori,
893 2662 1037 2712 etiamnum
1051 2659 1194 2729 appellatur
1209 2668 1302 2711 natura
1316 2658 1534 2720 munitissimum,
1548 2658 1583 2710 sd
1595 2658 1670 2729 cujus

95 2744 172 2798 sedde
192 2745 311 2797 detautia
330 2745 383 2797 lani
398 2745 432 2797 ab
446 2747 566 2815 Europa;
586 2744 639 2796 lani
653 2744 723 2795 enim
745 2760 790 2795 arx
805 2745 852 2796 sita
894 2746 995 2799 radices
1015 2746 1111 2799 lictum
1135 2754 1174 2798 est
1195 2744 1406 2812 uugtutissimum
1426 2744 1506 2796 totius
1526 2746 1634 2814 Bospori
1645 2744 1668 2797 ³.

96 2828 136 2881 luit
147 2830 171 2884 in
183 2831 319 2901 supercilio
327 2832 510 2901 promontorii,
519 2830 565 2882 ubi
574 2830 651 2881 etiam
661 2846 731 2881 nunc
740 2839 852 2881 castrum
896 2833 971 2886 Adde
984 2836 1063 2885 etiam
1072 2834 1123 2885 boc
1133 2832 1344 2909 promontorium
1351 2830 1457 2901 μίοιιιιιιι
1468 2832 1551 2883 minis
1559 2832 1672 2883 rcdncre

97 2928 140 2980 δίε
153 2918 224 2988 quod
243 2918 334 2987 vulgus
358 2919 436 2970 ellam
450 2919 602 2971 Graecorum
627 2916 745 2968 nominat
759 2906 852 2984 Ἱερόν,
896 2920 983 2974 adhuc
996 2921 1100 2990 vestigia
1119 2920 1213 2973 veteris
1225 2917 1333 2991 oppidi,
1345 2918 1372 2970 in
1391 2916 1466 2988 cujus
1476 2936 1581 2971 summe
1592 2919 1671 2972 aiam

98 3001 163 3054 idest
176 3005 287 3065 Fanum
298 3013 354 3066 aut,
369 3005 391 3054 si
405 2995 523 3071 intelligit
536 3001 624 3054 sanum
635 3001 710 3071 juxta
719 3002 780 3054 litus
790 3005 854 3054 Bos·
897 3025 968 3060 nunc
986 3018 1055 3060 extat
1067 3017 1182 3060 mserum
1195 3007 1277 3070 muris
1290 3007 1421 3067 cinctum,
1436 3003 1508 3074 quod
1521 3006 1671 3058 Turoorum

98 3090 145 3156 pori
154 3091 245 3150 situm,
257 3088 356 3140 codicis
368 3089 502 3158 Polybiani
511 3099 625 3140 erratum
637 3105 703 3150 esse,
712 3098 758 3140 ant
770 3090 855 3160 ipsum
896 3093 1018 3164 presidio
1031 3093 1167 3163 diligenter
1179 3091 1335 3152 crasteditur,
1351 3092 1500 3162 oppositum
1509 3091 1608 3160 oppido
1620 3095 1674 3145 Eu.

99 3191 172 3226 errare
180 3173 302 3238 dicemus,
313 3176 469 3244 Procopium
479 3185 564 3227 autem
574 3191 772 3244 prorsusavera
782 3193 855 3227 meu·
898 3197 968 3250 ropae
986 3179 1105 3230 similiter
1118 3180 1145 3230 in
1159 3178 1243 3230 nonis
1252 3176 1350 3246 jacenti
1366 3195 1373 3230 ι
1388 3175 1461 3246 quod
1480 3193 1542 3228 cum
1555 3179 1672 3246 Byzantii

101 3278 148 3313 sura
155 3262 281 3324 aberrare,
292 3263 346 3314 sire
354 3263 471 3330 intelligit
480 3260 513 3314 de
521 3261 655 3315 intervallo
665 3264 732 3314 inter
741 3263 856 3334 Cyaneas
899 3275 1017 3317 tenerent
1037 3266 1117 3316 situm
1136 3282 1152 3316 e
1169 3265 1276 3332 regione
1291 3262 1344 3316 lani
1364 3264 1469 3316 Asiatici
1488 3263 1522 3315 ab
1546 3264 1675 3316 Strabone

100 3346 155 3408 sito,
168 3348 232 3399 inter
245 3365 310 3416 quas
324 3345 419 3398 fretum
432 3345 595 3398 intercedens
605 3363 636 3398 ex
649 3346 776 3399 Strabone
785 3357 811 3399 et
824 3365 855 3400 es
898 3347 1675 3420 nuncupatiCbaloedonici,pcispexcruntcommodissimum

101 3447 149 3483 meo
157 3431 253 3500 judicio
266 3441 337 3502 patet
359 3431 386 3482 in
409 3429 572 3484 latitudinem
591 3431 681 3499 viginti
696 3432 854 3495 stadiorum,
899 3452 953 3488 esse
971 3446 1116 3505 utrumque
1133 3446 1223 3487 tenere
1240 3433 1274 3487 ad
1286 3433 1451 3506 occupandas
1467 3436 1588 3487 introitus
1606 3436 1675 3487 Pon·

102 3611 188 3678 Didot)
201 3629 208 3662 :
219 3611 248 3663 ll
260 3611 287 3663 Bi
297 3611 400 3662 Κυάνεαι
413 3609 471 3680 πρὸς
484 3615 519 3680 τῷ
532 3609 635 3678 στόματι
647 3603 690 3662 iod
707 3609 801 3662 Πόντου
810 3609 856 3662 eloi.
901 3609 1013 3662 videtur.
1029 3611 1132 3679 Quodsi
1144 3610 1237 3664 Strabo
1250 3629 1311 3664 cum
1323 3611 1379 3663 aliis
1392 3597 1548 3682 plerisquea
1562 3615 1634 3666 Fauo
1642 3613 1676 3666 ad

102 3687 247 3753 ὃίονηοίδια,
258 3689 288 3740 ab
303 3689 346 3758 plo
357 3692 387 3760 τῇ
397 3687 499 3758 Εὖρώτιῃ
511 3688 639 3756 specs-yle,
652 3687 680 3739 τὸ
694 3686 720 3739 δὲ
729 3691 759 3757 τῇ
775 3687 856 3756 Ἀσίᾳ,
901 3691 1052 3758 Byrantium
1066 3689 1200 3759 exputavit
1212 3689 1295 3740 stadia
1312 3705 1377 3752 rao,
1392 3689 1425 3741 ab
1438 3692 1563 3757 angustiis
1581 3691 1630 3744 illis
1642 3691 1677 3744 ad

102 3765 189 3834 τορίμῷ
208 3765 363 3834 διειργόμενα
383 3765 440 3816 ὅσον
459 3761 535 3815 slsum
555 3763 670 3814 σταδίου.
689 3762 810 3816 Τοσοῦτον
834 3763 860 3816 δὲ
901 3769 978 3837 Sycas
988 3768 1176 3820 essedcberent
1187 3767 1268 3819 stadia
1283 3767 1342 3828 105,
1353 3784 1435 3835 quum
1445 3785 1535 3838 reapse
1544 3771 1598 3820 sint
1607 3771 1677 3824 circa

103 3841 167 3910 imper
176 3843 262 3894 καὶτοῦ
272 3842 338 3912 ἱεροῦ
347 3847 394 3894 τῶν
404 3841 543 3902 Βυζαντίων
558 3840 652 3892 καὶτοῦ
665 3840 731 3910 ἱεροῦ
741 3845 784 3894 τοῦ
796 3842 861 3894 Χαλ-
905 3861 963 3896 rao.
980 3844 1144 3896 Emendandi
1156 3861 1217 3896 vero
1230 3845 1297 3894 ratio
1308 3843 1407 3896 taeittor
1417 3843 1537 3907 olli-rtur,
1548 3848 1568 3896 si
1582 3847 1676 3898 Strabo

104 3921 214 3984 ιῃδονίων·
231 3922 291 3990 ὅπερ
302 3921 334 3988 (l.
350 3915 423 3990 οὗπερ
434 3939 495 3972 cum
504 3921 621 3989 Corayo)
633 3918 684 3971 ἐστὶ
696 3924 739 3972 τοῦ
749 3919 860 3982 Εὐξείνου
901 3921 1052 3974 distantiam
1064 3939 1117 3974 non
1123 3921 1194 3992 justa
1205 3922 1332 3973 minorem
1342 3920 1387 3972 scd
1399 3920 1485 3990 paullo
1494 3920 1619 3990 majorem
1630 3921 1677 3974 de-

106 3994 129 4044 rb
139 3997 287 4047 στενώτατον·
302 3997 410 4066 προιόντι
418 3995 466 4066 γὰρ
481 3997 538 4047 δέκα
552 3995 661 4056 σταδίους
672 3995 732 4064 ἄκρα
742 3995 793 4048 ἐστὶ
805 4017 861 4050 τιν·
903 3997 980 4058 derit,
993 3997 1059 4050 adeo
1071 4009 1156 4068 utpro
1167 3999 1236 4050 τοίντε
1245 3997 1286 4048 καί
1294 3999 1423 4065 τριάκοντα
1432 3999 1614 4066 corrigendum
1624 3998 1679 4052 lirc-

106 4075 215 4124 rzardiror
226 4077 330 4125 ποιοῦσα
343 4073 385 4126 τὀν
397 4074 523 4144 πορθμόν,
537 4071 591 4125 εἶτα
604 4073 722 4125 διίσταται
736 4073 774 4128 iri
787 4075 860 4128 πλέον
903 4077 938 4128 rit
951 4077 1020 4129 ττίντε
1029 4077 1070 4128 οιαὶ
1080 4074 1195 4144 [laterbe]
1208 4077 1345 4144 τριάκοντα.
1356 4076 1457 4145 Gyllius
1468 4077 1621 4129 Strabonem
1631 4095 1678 4130 an·

107 4149 141 4199 ul
149 4153 218 4202 ποιεῖν
230 4151 332 4220 ἄρχεται
341 4149 385 4216 τὴν
395 4151 557 4220 Προποντίδα.
573 4149 627 4203 Ἀπο
637 4151 678 4220 μίν
687 4145 729 4202 οὖν
740 4155 782 4215 τῆς
790 4153 863 4222 ἄκρας
903 4156 1000 4222 gustias
1008 4154 1072 4209 Fani
1081 4172 1141 4206 cum
1152 4154 1276 4222 augiastiis
1282 4155 1395 4206 Hermaci
1406 4153 1553 4206 conludissc
1565 4158 1676 4225 putarit,

109 4229 142 4290 τῆς
151 4229 175 4280 τὸ
185 4229 356 4280 misereatur
371 4229 484 4294 ποιοίοης
494 4226 532 4281 ἐπὶ
542 4227 583 4280 τίον
596 4227 641 4280 brr'o
653 4231 684 4299 τῇ
699 4229 763 4300 Συιῇ
773 4230 862 4282 καλοί·
904 4232 1018 4300 ideoque
1028 4249 1088 4283 cum
1104 4232 1239 4284 Strabonis
1252 4231 1341 4284 stadiis
1356 4221 1394 4282 35
1415 4232 1549 4300 componit
1567 4232 1679 4284 similem

111 4325 170 4373 μειον
179 4307 262 4376 λιμένα
273 4307 368 4358 στάδιοι
378 4310 449 4360 πέντε
461 4307 502 4359 καί
513 4309 655 4376 τριάκοντα,
670 4306 777 4360 ἐντεῦθεν
788 4309 810 4359 δ’
825 4309 864 4362 ἐπί
905 4306 1048 4364 stadiorum
1063 4327 1202 4362 numerum
1213 4327 1292 4378 quem
1303 4311 1463 4361 sozomenus
1480 4327 1495 4360 a
1510 4311 1634 4378 Byzantio
1644 4307 1679 4363 ad

110 4383 134 4432 rb
146 4384 208 4452 Βίοις
216 4389 262 4436 τῶν
277 4384 416 4445 Βυζαντίων
434 4386 514 4438 πέντε.
527 4388 557 4437 In
567 4386 609 4437 his
618 4403 667 4456 pro
680 4389 797 4437 τοσοῦτον
815 4386 863 4454 legi
905 4389 1054 4440 lhmaeum
1064 4397 1206 4458 computat.
1217 4387 1288 4438 Nihil
1301 4385 1363 4440 inde
1371 4386 1512 4439 lucremur.
1524 4388 1590 4438 Nam
1601 4389 1681 4440 Sozo-

111 4461 355 4526 relimbierocoi'rtou
371 4473 440 4515 certe
457 4463 493 4522 δίς
511 4463 623 4532 syllaba,
640 4461 800 4532 praeeedente
818 4464 866 4533 syl·
906 4466 976 4516 meni
1001 4475 1140 4534 computus
1160 4483 1176 4516 a
1194 4481 1256 4516 vero
1278 4463 1354 4533 longe
1373 4463 1484 4528 recedit,
1503 4465 1624 4518 etmulto
1640 4485 1681 4520 ve·
1764 4517 1768 4522 .

113 4535 158 4589 laba
172 4540 239 4605 imi,
254 4540 327 4594 facile
343 4539 450 4592 excidit.
469 4541 511 4592 Sic
525 4541 698 4594 nanciscimur
720 4543 754 4601 lo
768 4539 863 4604 stadia,
907 4543 976 4594 riora
995 4541 1050 4610 jam
1073 4539 1222 4593 Herodotus
1245 4543 1289 4608 (l,
1313 4543 1365 4608 88)
1393 4543 1517 4604 narravit,
1532 4543 1682 4596 Hermaeum

115 4617 399 4690 quotemeaCyaneisad
411 4619 511 4671 Fanum
519 4620 579 4670 satis
589 4628 658 4671 recte
667 4617 866 4672 traduntllrria·
907 4621 1117 4689 promontorium
1134 4618 1224 4670 dicens
1235 4617 1351 4670 medium
1367 4618 1420 4671 sere
1430 4637 1486 4671 esse
1497 4621 1565 4672 inter
1582 4622 1683 4690 Byzan·

115 4697 174 4760 nus§
186 4697 215 4764 37
228 4715 253 4767 p.
266 4702 314 4760 lor
326 4707 352 4749 et
362 4700 516 4766 Anonymus
528 4699 584 4751 Pcr.
596 4699 699 4763 Pont.§
717 4713 748 4764 9¹
763 4714 790 4766 p.
803 4701 864 4758 lun.
907 4698 973 4749 tium
988 4707 1014 4748 et
1025 4699 1136 4748 Fanum.

118 4771 171 4835 Qua
184 4771 297 4844 deinceps
312 4783 494 4825 memorantur
514 4772 603 4825 decern
623 4771 714 4836 stadia,
731 4775 865 4842 portinent
944 4790 968 4830 a.
990 4774 1113 4843 Polybius
1125 4777 1151 4836 l,
1166 4775 1209 4842 39,
1223 4777 1239 4824 6
1255 4791 1262 4826 z
1277 4771 1312 4824 T'o
1321 4773 1472 4844 καλούμενον
1486 4771 1561 4843 ‘lepbr
1629 4773 1684 4828 trt-

119 4850 222 4916 usquead
239 4851 300 4904 bod.
313 4850 457 4919 Mudchy'ur
467 4850 569 4903 Kolessr'
579 4851 632 4903 sive
646 4848 679 4902 ad
691 4853 866 4920 Argyronium
908 4869 949 4919 χει
964 4853 1008 4914 τῆς
1022 4849 1137 4919 Εὐρώπης
1153 4849 1192 4902 tut
1210 4849 1243 4918 ιβ’
1257 4851 1344 4901 στάδια
1359 4850 1417 4919 πρὸς
1429 4849 1458 4902 rb
1474 4850 1620 4920 καταντικρὺ
1634 4851 1684 4902 sal·

121 4939 197 4990 prom,
205 4929 246 4981 ubi
255 4947 344 4981 revera
352 4926 828 4999 suntquinquestadiorumaugustiae.
839 4930 866 4982 ln
912 4946 985 4998 μινον
997 4927 1142 4997 Zoparistos
1154 4931 1197 4991 τῆς
1207 4925 1310 4995 θρᾴκης,
1398 4929 1404 4944 “

118 5002 222 5075 plerisque
229 5009 322 5060 tabulis
335 5007 423 5060 lauces
431 5007 478 5076 ipsi
487 5007 550 5058 Fani
561 5007 741 5076 promontorio
749 5004 867 5075 adjaocn·
946 5007 973 5058 3.
983 5005 1222 5076 Angrotistimum]
1237 5007 1284 5057 Est
1303 5005 1317 5056 5
1338 5004 1498 5071 stadiorum
1513 5005 1559 5058 scd
1572 5005 1605 5058 ad
1618 5005 1685 5062 Ber·

117 5081 250 5150 tecjedem
261 5103 369 5157 prorsus
379 5095 441 5136 sunt
450 5083 661 5148 latitudinis3scd
669 5083 755 5154 paullo
765 5084 868 5137 latiores
912 5099 1005 5135 meum
1014 5101 1042 5154 p.
1058 5081 1143 5134 lauces
1155 5082 1240 5152 paullo
1254 5084 1492 5151 angustiorcssunt,
1502 5095 1625 5154 quattuor
1633 5095 1685 5138 sta·

115 5159 332 5220 tihibetlloltkius.
341 5161 416 5216 Idem
426 5161 643 5215 etiamStrabonis
651 5171 742 5212 auctor
750 5161 869 5214 statuisse
910 5161 1014 5214 diorum
1025 5171 1051 5212 ct
1060 5154 1175 5214 dimidii.
1545 5157 1572 5164 ”
