3884 5925
240 453 276 502 ao
658 404 662 410 ’
845 447 1019 506 nronrsu
1040 446 1225 508 erzanrn

231 571 368 628 ductuum.
407 574 439 626 ln
452 573 690 643 gurgitibus,quos
710 573 903 640 multoslrabet,
918 574 1010 628 cadem
1056 576 1092 629 ibi
1115 595 1168 628 uon
1182 577 1330 646 prominet,
1349 575 1394 628 secl
1412 577 1501 647 potius
1518 574 1660 629 retrahitur
1677 573 1704 626 in
1722 574 1835 632 sinum⁸

230 677 325 728 genera
338 661 449 732 piscium
460 677 518 729 quae
528 661 554 712 in
566 663 644 713 Arete
658 661 860 732 perspiciuntur.
881 663 1010 732 Equidem
1056 681 1134 735 quern
1146 663 1263 716 ellieiunt
1282 664 1464 733 promontoria
1480 681 1513 716 ex
1526 679 1579 715 una
1592 672 1665 732 parte
1682 659 1839 714 Meletrinn

230 747 285 818 ipse
305 763 358 798 uon
385 744 487 813 longius
510 739 592 798 tribua
617 745 760 798 miliaribus
785 745 930 800 secundum
955 747 1011 817 ejus
1055 752 1124 802 rium
1137 789 1145 813 ‚
1159 769 1191 802 ex
1204 749 1285 802 altera
1302 749 1448 803 Heliacum.
1467 752 1558 819 Itaque
1569 747 1695 818 temporis
1706 752 1840 799 vetustate

231 833 315 903 ripam
328 831 449 902 progredi
463 842 536 886 metu
547 831 689 884 barborum
699 849 793 896 austu,
807 833 927 903 prospexi
941 832 1010 885 dun·
1056 837 1110 888 lieri
1117 838 1214 907 potuit,
1224 847 1254 889 ut
1261 831 1364 906 πρῶτον
1371 829 1459 886 δίσκον
1466 835 1634 908 depravarint
1645 825 1835 901 innpdglwe·

230 927 301 972 taxat
313 917 383 970 bunc
398 917 478 970 ssuerc
492 934 538 988 per
552 917 656 986 longam
670 917 759 970 vallem
771 935 953 982 nemorosam,
966 935 1009 972 ve·
1054 925 1355 992 namsipromontorium
1361 910 1839 990 Meletrinariumsitaixpa‘periciam

229 1001 328 1054 nationi
338 1001 418 1069 regiae
428 999 661 1054 accommodatam.
675 1000 713 1053 ab
725 1000 802 1072 liujus
814 1003 929 1054 llumiuis
943 1003 1010 1054 ostio
1056 1017 1085 1060 ot
1097 1025 1153 1060 asso
1166 1007 1278 1072 videtur,
1294 1010 1322 1060 io
1338 1009 1418 1060 latero
1437 1007 1516 1077 liujus
1536 1006 1585 1076 [ad
1604 1004 1760 1075 meridiem]
1777 1021 1839 1054 rer·

231 1086 324 1155 incipit
336 1087 564 1156 promontorium,
575 1085 649 1154 cujus
662 1103 754 1140 mucro
768 1086 884 1157 undique
896 1088 1011 1158 pereuti-
1054 1106 1140 1162 gome,
1154 1097 1240 1164 potuit
1251 1113 1307 1148 ‘ooo
1321 1091 1429 1167 Πρῶτος
1441 1089 1537 1153 δίσκος,
1555 1094 1768 1147 promontorium
1781 1092 1839 1142 lle-

229 1182 273 1225 tnr
285 1173 357 1223 lluxu
372 1172 496 1242 Bospori,
510 1172 556 1241 qui
567 1170 720 1240 rapiditate,
732 1171 878 1234 altitudine,
899 1174 1011 1242 strepitu
1055 1179 1110 1244 lio,
1123 1180 1196 1250 qood
1214 1181 1289 1232 fluxo
1306 1180 1399 1251 rapido
1415 1180 1576 1245 verberatur,
1596 1176 1738 1248 aliquando
1750 1178 1838 1228 molus

229 1273 327 1308 sonoro
347 1264 453 1324 superat
465 1271 556 1306 omnes
578 1255 664 1306 lluxus
685 1257 763 1307 totius
777 1255 900 1325 Bospori,
917 1255 1011 1307 multae
1055 1285 1157 1319 omn,
1168 1266 1244 1321 „1110
1248 1305 1257 1330 ‚
1270 1267 1368 1320 claudit
1380 1269 1467 1319 ,finum
1480 1274 1662 1336 nuncupatum
1674 1260 1720 1326 τῆς
1736 1256 1836 1314 droia-

228 1339 309 1392 melas
329 1338 450 1410 quotidie
469 1357 570 1392 versare
592 1339 692 1392 solitus.
730 1338 814 1408 Hujus
836 1341 1010 1410 promontorii
1054 1349 1123 1416 χῆςς
1138 1355 1183 1406 „bi
1201 1355 1288 1424 ,qu
1307 1356 1400 1408 hom„
1419 1371 1480 1406 cum
1499 1355 1562 1406 911„
1578 1363 1606 1405 22
1623 1353 1704 1412 mm,
1727 1368 1759 1402 ρ,
1780 1365 1838 1419 qm

228 1425 336 1479 dorsum
344 1425 377 1479 ab
385 1443 478 1480 occasu
488 1425 614 1478 solstitiali
624 1424 657 1478 ad
669 1426 813 1479 brumalem
821 1437 909 1480 ortum
916 1427 1008 1495 surgit,
1054 1457 1157 1492 ,mmm
1169 1457 1243 1511 ,qm
1259 1457 1293 1493 εχ
1305 1440 1363 1493 apg,
1375 1440 1484 1493 comm,
1497 1437 1633 1492 ,abdam
1644 1437 1748 1490 „flung
1767 1435 1839 1487 1th

229 1512 308 1565 situm
329 1521 420 1564 contra
440 1513 527 1564 sinum
548 1508 599 1562 τῶν
621 1507 732 1574 Χηλῶν.
747 1513 885 1566 Clauditur
908 1513 1010 1566 duabus
1055 1522 1126 1576 brevi
1141 1524 1323 1595 pmmonqorto
1333 1535 1470 1595 supet-³10,
1483 1522 1556 1576 ,dae
1567 1523 1640 1574 vicu,
1649 1520 1735 1572 dictu,
1747 1518 1838 1587 Chry.

228 1597 352 1662 vallibus,
366 1615 417 1650 una
429 1599 687 1669 aseptentrionibus,
697 1599 776 1652 altera
790 1598 920 1653 acardrnc
933 1601 1011 1654 meri·
1054 1627 1202 1663 mmmm
1213 1617 1238 1648 ιο
1248 1629 1280 1664 01
1290 1629 1322 1664 ω
1333 1611 1405 1681 quod
1414 1610 1477 1663 0151„
1487 1609 1612 1680 templum
1621 1606 1729 1660 haberer
1740 1604 1839 1673 tegnlis

231 1681 326 1746 diano,
343 1694 453 1754 utraque
470 1683 599 1754 producta
613 1686 641 1738 in
658 1685 846 1754 longitudinem
865 1686 1010 1740 stadiorum
1054 1699 1179 1750 immi,
1193 1708 1299 1751 rectum,
1312 1697 1349 1750 Εχ
1359 1698 1475 1750 bocaico
1488 1694 1627 1749 effodiat&
1637 1711 1697 1748 mo
1707 1691 1838 1762 quadrato

229 1771 333 1824 circiter
342 1781 413 1824 octe.
428 1771 553 1842 Undique
562 1772 676 1842 proclive
687 1784 714 1826 et
730 1791 844 1844 preceps
857 1783 1010 1844 promonto·
1055 1782 1168 1851 ingentia
1176 1781 1408 1835 fundamentorum
1417 1784 1597 1851 antiquorum,
1608 1779 1659 1832 sub
1668 1789 1737 1831 term
1745 1776 1839 1830 abdita

229 1857 318 1918 rium,
338 1854 412 1925 cujus
432 1873 447 1908 a
461 1875 564 1910 summo
588 1875 712 1916 mucrone
729 1858 833 1912 ascendi
854 1861 1010 1929 quingentos
1054 1868 1081 1919 in
1096 1865 1236 1920 duodecim
1248 1867 1413 1920 altitudinem
1432 1866 1546 1937 pedum,
1562 1864 1705 1917 indimotio
1719 1863 1756 1915 ihi
1769 1861 1838 1913 olim

229 1961 329 2015 pransus,
345 1944 445 2014 primos
463 1945 645 2014 praecipitesct
659 1945 732 1998 valde
750 1944 877 2010 directos,
897 1947 1010 2016 reliquos
1054 1952 1133 2006 fuisso
1154 1952 1288 2005 mstotlom
1307 1953 1525 2015 munitissimum,
1553 1946 1702 2019 cujusmodi
1724 1947 1837 2000 fuerunt

228 2029 384 2100 semiplenos
390 2029 529 2084 efficientes
539 2029 646 2087 dorsum
657 2033 840 2102 promontorii,
850 2033 922 2103 quod
937 2032 1010 2086 valde
1054 2039 1132 2107 regin
1141 2039 1279 2108 Sophionae
1287 2047 1444 2108 nuncupata
1455 2047 1500 2089 aut
1512 2037 1554 2089 his
1565 2036 1714 2104 antiquiora
1720 2032 1836 2104 palatia,

229 2116 349 2168 strictum
371 2113 407 2168 ob
430 2115 507 2168 valles
528 2118 652 2186 utrinque
676 2127 837 2171 coarctantes
855 2129 882 2172 et
904 2118 1010 2171 serobes
1053 2141 1112 2192 quae
1121 2123 1371 2192 ooolongoobaedo
1386 2122 1520 2174 Michaelis
1532 2118 1708 2189 extromjam
1717 2131 1837 2170 coname-

229 2214 291 2266 tres,
303 2218 369 2272 quos
379 2201 447 2254 velut
461 2201 561 2254 theatra
571 2204 780 2272 promontorium
792 2203 881 2265 eflicit,
893 2205 1009 2274 primum
1054 2219 1154 2273 morata
1167 2211 1310 2280 Procopius
1321 2212 1332 2276 (
1339 2209 1357 2261 l.
1368 2208 1386 2262 l.
1398 2213 1408 2276 )
1421 2208 1499 2261 luisse
1514 2205 1732 2277 subsequentibus
1746 2203 1838 2255 verbis

229 2300 361 2346 extantem
373 2305 452 2358 supra
463 2305 615 2340 mucronem
633 2291 824 2360 promontorii,
837 2289 1009 2359 complecten·
1052 2295 1188 2364 deoignaa:
1207 2297 1290 2348 «Non
1303 2295 1432 2358 multum,
1446 2296 1547 2364 inquit,
1567 2289 1767 2364 proeolalsffle
1783 2289 1839 2341 Mi·

229 2387 282 2430 tem
304 2375 405 2428 ambitu
427 2390 516 2444 passus
535 2373 646 2443 amplius
669 2384 814 2436 trecentos,
836 2374 976 2428 distantem
993 2393 1009 2428 a
1052 2381 1148 2434 chaelis
1164 2381 1292 2451 templum
1304 2383 1423 2450 Deiparae
1435 2381 1529 2450 virgini
1550 2395 1654 2430 sanum
1666 2377 1744 2445 long.
1758 2383 1837 2426 κω.

229 2463 346 2532 Bospcro
367 2460 470 2512 circiter
489 2459 578 2526 viginti
602 2477 691 2528 passus
716 2477 722 2512 :
746 2461 856 2514 alterum
875 2461 908 2514 ab
927 2462 1008 2514 alteru
1053 2478 1118 2519 state
1130 2466 1277 2518 ardescens
1291 2466 1447 2518 muravit:
1467 2463 1542 2533 cujus
1558 2461 1712 2532 dignitatern
1725 2459 1838 2528 tongum

228 2547 342 2602 divisum
357 2546 429 2600 tenui
451 2547 625 2614 promontorii
639 2545 735 2611 dorse,
757 2566 809 2600 nen
823 2548 906 2602 latiori
926 2548 1009 2602 tribus
1052 2563 1121 2604 essm
1135 2563 1259 2604 trentam
1275 2561 1302 2604 et
1319 2567 1441 2602 wmoue
1458 2548 1614 2618 significare.
1650 2549 1682 2600 ln
1702 2545 1752 2599 boe
1771 2561 1839 2596 sane

228 2634 357 2706 passibus.
371 2632 549 2686 Promontorii
569 2630 667 2684 radices
679 2651 694 2686 a
706 2634 793 2704 primo
812 2635 904 2688 scrobe
921 2635 954 2688 ad
969 2654 1009 2688 se·
1052 2637 1141 2691 littore
1150 2636 1245 2691 dextro
1253 2637 1435 2706 narigantibus
1444 2637 1473 2688 in
1487 2639 1601 2688 Pontum
1617 2643 1735 2704 spectata
1747 2631 1839 2700 dignm

228 2721 345 2776 cundum
359 2727 502 2771 exemrunt
516 2717 544 2770 in
562 2716 751 2785 longitudinem
765 2738 887 2790 passuum
906 2722 1010 2776 circiter
1050 2725 1105 2794 jaan
1119 2741 1204 2795 usque
1217 2723 1252 2777 ab
1263 2725 1377 2794 antiquis
1384 2722 1550 2794 temporibus
1565 2719 1636 2774 edna
1652 2721 1730 2789 regie
1740 2729 1836 2780 cnut.

229 2816 417 2860 veneratorum.
439 2803 574 2856 Secundus
595 2804 685 2856 scrobs
705 2805 884 2873 magnitudine
904 2816 1010 2875 superat
1051 2827 1172 2880 qrmaex
1184 2808 1691 2862 Just'mianusenrnenlieoccnsecmrit.
1704 2829 1716 2850 ι
1730 2801 1839 2857 Deinde

228 2892 359 2965 primum,
376 2901 403 2944 et
420 2888 559 2960 lapidicina
572 2890 635 2943 elim
650 2891 729 2944 luisse
742 2892 866 2946 videtur:
884 2910 1008 2964 passuum
1054 2897 1494 2968 narrm,utByzautiiratettrtagna
1502 2892 1646 2946 multitudo
1654 2891 1837 2952 meretricum,

228 2979 394 3035 intervallum
414 2978 472 3048 plus
494 2980 581 3033 mium
608 2978 784 3051 ducentorum
808 2981 913 3033 interest
941 2981 1010 3033 inter
1055 2978 1598 3055 quibuspsrenitentibanvitaepriorisedes
1607 2974 1838 3048 regininooden

229 3062 376 3117 secundum
398 3073 425 3116 et
442 3066 549 3117 tertium
568 3064 686 3116 scrobem
700 3064 861 3131 desinentem
883 3066 909 3116 in
929 3066 1009 3118 imam
1052 3070 1140 3122 littore
1161 3070 1223 3121 sitas
1243 3068 1375 3120 convenit
1391 3067 1419 3119 in
1441 3066 1630 3118 niomium
1654 3061 1836 3132 magnificum.

227 3152 361 3224 planitiem
375 3150 446 3203 vallis
456 3150 609 3221 praedictum
624 3152 836 3219 promontorium
847 3150 1007 3214 claudentis,
1087 3155 1285 3225 Chrpsoeerami
1297 3152 1393 3205 llurius
1403 3160 1490 3204 atate
1498 3150 1633 3203 ermeseit.
1642 3147 1838 3217 Indesequitur

228 3239 285 3291 sitae
295 3254 310 3289 e
323 3236 429 3305 regione
439 3236 613 3306 promontorii
624 3236 783 3289 Hostiarum.
796 3240 827 3291 In
840 3237 907 3290 banc
918 3236 1008 3288 vallem
1053 3242 1125 3293 cieras
1138 3238 1281 3310 appellatus
1289 3239 1404 3299 Suntne,
1418 3236 1451 3289 ab
1463 3252 1558 3289 occasu
1569 3236 1670 3287 cinctus
1679 3242 1838 3304 promonto·

228 3322 303 3377 multi
322 3322 409 3375 sontes
428 3321 528 3374 rivulos
542 3322 665 3373 emittunt
684 3322 819 3390 irrigantes
835 3324 899 3391 regu
917 3322 1010 3375 laertes
1053 3327 1109 3387 rio,
1125 3324 1204 3392 vulgo
1218 3334 1311 3375 vocate
1322 3322 1455 3391 Nagalen,
1467 3319 1540 3391 quod
1549 3317 1642 3391 rapide
1651 3335 1732 3371 cursu
1747 3317 1839 3369 lluxras

228 3410 329 3465 clausos
338 3407 444 3461 excelsis
457 3408 584 3471 lancibus,
596 3410 694 3479 positos
706 3410 732 3461 in
746 3410 798 3462 ima
808 3408 878 3462 vallis
892 3407 1007 3478 planitie,
1055 3411 1206 3463 cerlaeratur
1213 3408 1313 3461 valente
1323 3408 1426 3460 volvere
1438 3406 1531 3469 molas,
1540 3406 1696 3457 continuato
1705 3419 1790 3472 usque
1799 3402 1839 3453 ad

228 3514 308 3568 quam
334 3496 419 3549 Graeci
437 3493 493 3563 jam
509 3504 603 3565 uocant
623 3496 692 3547 Cieri
711 3513 726 3548 a
747 3512 842 3564 genere
868 3493 1008 3559 frumenti,
1052 3498 1242 3562 bloietrinum,
1265 3512 1282 3546 a
1301 3492 1479 3564 peritioribus·
1491 3490 1600 3561 quidcm
1625 3488 1838 3542 Hermonianum

228 3585 378 3653 ignorantes
390 3580 553 3653 temporibus
565 3582 705 3643 lastiniani
717 3581 872 3652 appellatam
887 3580 1009 3633 Cmchon
1053 3592 1249 3653 nuncupatum,
1269 3598 1287 3634 a
1304 3580 1382 3649 vulgo
1401 3596 1464 3631 vero
1484 3575 1700 3631 Tamberlinnum
1716 3586 1750 3626 ¹¹.
1770 3572 1840 3627 tacte

229 3670 284 3723 sive
297 3667 421 3721 Brochon
438 3665 486 3718 :id
500 3664 569 3736 quod
582 3666 752 3736 perspicietur
761 3684 792 3719 ex
809 3665 1010 3738 Procopi0(l)e
1057 3673 1147 3725 fluxos
1170 3670 1291 3724 littoreas
1312 3668 1447 3721 remissior
1468 3683 1553 3736 usque
1576 3664 1611 3717 ad
1640 3661 1837 3734 Chrysopolim.

230 3754 302 3811 aedil.
328 3772 359 3819 1,
379 3753 427 3825 8).
451 3774 462 3803 c
480 3754 553 3817 Duo,
573 3753 673 3823 inquit,
689 3763 763 3807 erant
775 3752 869 3823 templa
892 3752 1009 3805 llichaeli
1053 3760 1183 3827 Deinceps
1194 3756 1335 3825 Dionysius
1347 3754 1498 3805 institutum
1510 3750 1642 3821 anaplum
1660 3747 1839 3802 continuati·

227 3839 392 3909 Archangelo
410 3837 512 3891 dicatur
529 3840 596 3891 inter
614 3856 641 3891 se
660 3839 797 3910 opposita,
817 3839 928 3908 Bospori
943 3836 1010 3889 frete
1054 3844 1126 3897 huno
1140 3840 1260 3894 modum.

228 3926 313 3981 divisa
335 3944 342 3979 ι
362 3914 445 3979 unum
465 3926 492 3977 in
509 3924 567 3977 loco
578 3925 705 3995 appelbto
724 3924 844 3995 Anaple,
858 3925 885 3979 in
903 3924 1011 3977 sinistro

227 4014 307 4069 latere
318 4010 498 4082 navigantibus
508 4008 541 4063 ad
555 4011 669 4065 Pontum
682 4012 837 4065 Euxinum:
854 4010 964 4063 alterum
981 4010 1009 4063 ia
1119 4010 1167 4061 tx.
1182 4010 1220 4061 ne
1236 4005 1480 4078 (dnmpolietleeo
1492 4002 1625 4076 appellere
1638 4005 1721 4064 nne,
1733 4001 1791 4055 sire

227 4088 1008 4169 oenomelum,quodanuquilipolgtourlnoniuuunr,
1382 4090 1499 4145 Dnrrralt'.
1602 4085 1605 4090 ’

227 4206 260 4243 ea
271 4206 303 4241 eo
316 4187 456 4249 existimo,
470 4185 533 4256 quia
544 4183 616 4237 littus
628 4184 738 4237 multum
752 4181 906 4254 projiciatur
919 4201 950 4237 ea
960 4182 1010 4235 hac

227 4292 284 4339 ora,
298 4290 371 4327 nunc
381 4282 469 4326 autem
479 4272 629 4325 nominatur
639 4262 746 4342 Βρόχοι,
758 4272 884 4342 temporis
896 4270 1010 4340 longitu·
1382 4260 1406 4319 F
1407 4276 1432 4319 t.
1456 4263 1504 4319 65.

227 4361 290 4415 dine
312 4360 460 4413 accolarum
477 4358 580 4412 inscitia
601 4357 759 4429 depravante
776 4360 894 4412 nomina.
916 4380 927 4403 ι
947 4359 1010 4409 llaec

228 4448 336 4520 quidem
357 4448 517 4519 Procopius,
540 4443 616 4514 cujus
635 4447 662 4497 in
683 4447 764 4501 altero
782 4446 872 4499 codiee
888 4445 1011 4515 leguntur
1090 4448 1154 4498 Post
1177 4445 1268 4497 Dirces
1291 4444 1395 4514 (inquit
1422 4436 1580 4511 Dionysius)
1601 4436 1722 4519 sequitur
1738 4445 1837 4509 pertus

228 4536 342 4600 Crochi,
356 4546 381 4587 et
393 4535 420 4587 in
432 4534 548 4603 margine
557 4531 665 4602 quidam
678 4534 759 4587 literis
772 4534 887 4603 antiquis
896 4530 1009 4585 eundem
1055 4529 1234 4597 magnitudine
1243 4541 1268 4581 et
1276 4526 1469 4599 tranquillitate
1474 4522 1666 4597 pulcherrimus
1675 4532 1700 4574 et
1709 4519 1835 4592 optimus.

228 4622 316 4678 locum
331 4618 584 4689 notatCronychion
601 4619 866 4690 asivenronyehion.
905 4616 978 4685 Quid
988 4618 1008 4671 si
1055 4616 1147 4691 Ipsius
1159 4615 1363 4685 nangnitudiaem
1376 4610 1568 4668 eireunascrt'bt't
1581 4609 1658 4663 littus
1671 4602 1836 4679 profundum

229 4707 336 4762 sortasse
349 4707 411 4760 elim
423 4704 601 4777 appellabatur
617 4700 724 4778 Πρῶτος
739 4700 847 4765 lineri
860 4722 922 4759 narn
937 4704 1011 4757 littus
1054 4714 1080 4757 et
1092 4704 1175 4757 molle.
1213 4708 1299 4774 Supra
1308 4692 1835 4770 marrjncceenmpusneclir·isialittus,

229 4824 1574 4863 --—----—--—---·----··--·-·--··-·

266 4928 293 4981 7.
309 4906 350 4965 Cl.
367 4906 517 4975 Ducaugiua
531 4904 668 4957 Constant.
683 4900 781 4957 Christ.
800 4898 847 4952 lib.
863 4900 889 4962 q,
904 4913 932 4968 p.
949 4898 1009 4965 187.
1096 4911 1137 4949 ιο.
1162 4892 1391 4963 capraemons]
1413 4908 1485 4943 nune
1502 4886 1643 4956 Brglcrbey.
1672 4886 1712 4937 De
1732 4881 1840 4936 ecclesia

231 4992 242 5058 ΙΙ
258 5020 294 5031 -
307 4992 334 5043 8.
355 4986 514 5057 Προόχθους]
526 4986 604 5037 llunc
617 4982 779 5052 locum,qui
793 4982 847 5040 ταῖς
862 4976 1012 5039 tortosam
1056 4970 1234 5043 Xpuooaspdpqa
1254 4990 1279 5025 v.
1296 4976 1450 5041 Anonymus
1462 4970 1554 5021 Descr.
1571 4968 1708 5022 Constant.
1728 4979 1755 5013 m
1774 4960 1840 5013 Ban-

227 5070 311 5140 ᾱιραις
332 5060 453 5138 Dionysii
473 5062 632 5135 respendere
657 5060 770 5124 videtur,
788 5076 849 5111 cum
867 5058 1010 5111 llammern
1056 5051 1127 5107 durii
1147 5057 1210 5105 Ant.
1226 5052 1317 5109 Const.
1338 5050 1383 5103 lib.
1408 5049 1423 5101 3
1445 5051 1459 5116 S
1478 5046 1526 5099 165
1541 5046 1657 5118 (Hister.
1681 5040 1741 5111 Byr.
1755 5050 1776 5093 t.
1793 5054 1838 5100 aa,

228 5168 255 5231 p.
273 5146 323 5201 305
338 5162 432 5200 censeo
446 5142 599 5214 ponendum
614 5158 670 5194 asse
687 5139 720 5193 ad
738 5137 803 5191 hod,
824 5134 1010 5206 Krrllebogltd·
1054 5150 1082 5203 p.
1097 5130 1147 5201 51)
1161 5130 1248 5200 ibique
1261 5140 1316 5182 net.
1330 5126 1464 5181 Bandurii.
1562 5207 1564 5210 Ι

226 5226 318 5281 clenni.
332 5227 342 5294 ΙΙ
360 5254 395 5264 -
409 5242 435 5293 9.
452 5220 604 5291 Gronychmn
619 5220 629 5291 ]
646 5230 686 5273 nn
704 5216 887 5288 ’Λκρωνυχιῶνῗ
1092 5226 1133 5265 11.
1154 5208 1363 5263 Yrrrrrberlmnum
1374 5210 1383 5279 l
1395 5205 1457 5259 lrod.
1477 5200 1742 5259 Tetradem-boumve.
