3884 5925
474 406 489 435 U

253 457 287 508 ra
869 450 1044 512 DIONYSH
1065 454 1249 515 ut'zatttu

247 587 331 631 catur.
370 558 534 629 Disoeetiam
550 576 756 646 Hellespontum,
772 577 877 631 undeet
888 580 1026 650 quousque

247 661 346 715 tendat.
384 663 425 713 Ex
448 660 533 731 Abydi
554 662 677 729 angustiis
695 671 721 713 et
739 680 771 713 ex
793 664 916 716 omnibus
935 665 1028 718 mediis

249 748 390 819 interjectis
411 766 494 817 usque
514 745 546 800 ad
571 758 678 817 pontem
703 747 906 801 Blachernarurn
930 750 1027 802 Helles-

247 845 344 905 pontus
367 832 519 903 appellatur,
538 832 695 902 Bebrycium
718 835 831 885 marein
852 835 939 887 medio
958 836 1027 905 posi-

249 930 305 972 tum
328 916 551 979 circumcludens,
578 934 702 986 mareque
729 918 859 971 Heracleae
881 920 1025 973 Tlrraeice.

248 993 414 1073 Quis'autem
429 1004 508 1055 maris
526 1004 637 1073 scriptor
657 1000 691 1055 de
706 1006 828 1073 Bosporis
842 1004 947 1057 duobus
966 1008 1027 1057 scri·

247 1092 344 1161 pserit,
357 1101 383 1141 et
401 1088 434 1141 de
449 1088 633 1157 Hellesponto,
645 1106 659 1140 e
671 1088 748 1139 turba
762 1089 905 1141 multorum
921 1090 1025 1143 histori-

246 1194 348 1238 corum,
366 1174 437 1227 haud
456 1176 525 1238 scio;
547 1186 634 1227 tamen
663 1176 782 1227 Tretacm
809 1194 843 1228 ne
868 1178 973 1229 mentiri
998 1179 1024 1229 in

247 1261 398 1331 hujusmodi
409 1260 488 1314 rebus
501 1262 648 1324 existimes,
662 1260 706 1311 sed
717 1263 832 1313 exactius
844 1262 931 1314 dicere
940 1266 1025 1315 omni·

246 1348 296 1400 bus
316 1348 463 1409 historicis,
476 1356 502 1397 ct
523 1347 603 1413 magis
620 1346 780 1407 memoriter,
793 1364 871 1415 quam
887 1349 1025 1417 quisquam

246 1432 400 1485 viventium.
412 1453 423 1479 n
435 1432 502 1497 Quis
512 1430 588 1481 talem
595 1430 733 1505 graculam
743 1432 880 1509 vanitatem
892 1432 929 1485 vel
938 1434 1025 1504 potius

244 1518 389 1587 abasgicam
403 1515 484 1567 serat?
504 1514 644 1567 Profitetur
664 1532 691 1566 se
710 1516 810 1568 nescire
824 1518 883 1586 quis
903 1535 918 1569 e
936 1518 1024 1571 multis

244 1602 375 1656 historicis
386 1600 518 1671 scripserit
531 1599 564 1651 de
582 1602 714 1671 Bosporo;
729 1611 755 1653 et
770 1619 831 1654 cum
849 1601 903 1655 baec
916 1606 1022 1668 nesciat,

244 1699 333 1742 tamen
346 1698 521 1741 asseveranter
536 1684 649 1739 affirmat
664 1704 691 1738 se
705 1688 824 1740 omnium
838 1690 936 1759 optime
947 1690 1023 1754 scire,

245 1778 304 1847 quis
318 1777 351 1828 sit
370 1778 501 1844 Bosporus
519 1782 545 1825 et
566 1774 757 1845 Hellespontus.
796 1778 835 1827 De
849 1775 944 1845 quibus
961 1795 1022 1829 cum

247 1861 311 1913 nihil
325 1860 432 1923 doceat,
447 1857 493 1911 sed
514 1860 646 1929 tyrannice
665 1860 814 1929 praescribat
832 1879 929 1931 pauca,
951 1872 977 1913 et
996 1863 1022 1913 in

246 1946 286 1998 his
298 1948 387 2016 paucis
399 1963 415 1998 a
429 1964 456 1997 se
465 1946 522 2015 ipso
532 1945 658 1998 dissentit.
670 1947 864 2016 Hellespontum
875 1949 945 1999 enim
957 1946 1023 2000 dicit

245 2032 365 2104 appellari
379 2049 457 2083 omne
471 2049 540 2083 mare
557 2031 630 2101 quod
645 2032 780 2084 intercedit
794 2034 861 2085 inter
880 2032 966 2103 Abydi
977 2052 1023 2085 au-

244 2117 341 2185 gustias
370 2126 396 2168 ct
417 2126 525 2186 pontem
554 2116 772 2178 Blachemarum‚
797 2116 848 2168 boc
870 2126 914 2169 est
937 2128 1021 2169 totam

244 2202 431 2273 Propontidem
448 2213 474 2253 et
485 2212 584 2271 partem
603 2204 723 2273 Bospori.
760 2205 815 2256 Cur
826 2204 1022 2275 Hellespontum

245 2288 303 2341 linit
317 2286 350 2340 ad
370 2296 477 2357 pontem
491 2286 710 2339 Blachernarum?
728 2305 788 2339 cum
803 2289 878 2357 prius
889 2288 1021 2345 definierit

244 2376 391 2443 Bosporum
404 2371 544 2423 Thracium
555 2370 676 2440 appellari
688 2372 893 2441 Hellespontium
905 2374 983 2425 etiam
992 2374 1020 2425 in

244 2458 337 2510 mediis
355 2456 494 2524 angustiis,
515 2454 560 2507 uhi
579 2456 674 2507 Durius
693 2466 799 2526 pontem
810 2455 909 2525 junxit.
947 2457 1020 2524 Quid

244 2560 328 2597 causae
349 2543 421 2596 bunc
444 2542 570 2603 moverit,
596 2560 644 2593 cur
668 2552 721 2595 tam
743 2554 840 2596 temere
870 2546 1019 2615 Bosporum

244 2628 443 2701 praescripserit,
454 2626 574 2679 dicamne
583 2643 616 2678 an
622 2625 737 2696 jusserit,
751 2628 956 2699 Hellespontium
966 2648 1022 2682 esse

244 2713 443 2785 appellandum,
463 2730 516 2763 nun
531 2713 633 2780 reperio
647 2728 653 2764 :
669 2714 718 2764 nisi
733 2712 801 2764 sorte
813 2715 839 2764 in
854 2715 970 2767 Homero
985 2716 1021 2767 le·

244 2810 316 2868 gerat
336 2789 437 2849 alariis
451 2789 654 2859 Ἑλλήσποντον.
696 2802 731 2850 At
749 2798 899 2850 Eustatbius
914 2801 1022 2869 exponit

244 2887 440 2956 Hellespontum
452 2895 591 2953 angustum
603 2886 839 2936 esseinterSestum
849 2896 875 2938 et
886 2884 1019 2957 Abydum,

242 2972 324 3026 latum
347 2991 408 3026 vero
431 2971 464 3026 ad
485 2974 588 3040 Sigeum
613 2981 639 3022 et
660 2972 799 3024 llboeteum
827 2976 1019 3043 promontoria.

244 3062 384 3130 Dionysius
397 3057 609 3126 Alexandrinus(
621 3077 644 3110 v.
658 3063 705 3112 821
720 3058 728 3128 l
745 3059 872 3112 AEolidem
886 3062 1019 3128 regionem

243 3146 319 3197 sitam
333 3164 387 3197 esse
405 3145 469 3198 dicit
489 3161 567 3214 supra
586 3161 708 3212 magnum
723 3144 933 3214 Hellespontum
950 3145 1021 3197 unde

243 3230 323 3300 aliqui
336 3231 497 3301 interpretati
506 3238 568 3286 sunt
579 3228 776 3300 Hellespontum
787 3229 835 3280 sibi
845 3241 945 3300 partem
959 3232 1020 3282 vici·

243 3333 304 3368 nam
327 3317 406 3368 maris
423 3315 502 3384 AEgaei
520 3313 666 3376 vindicare,
685 3324 837 3383 partemque
852 3315 1020 3384 Propontidis

241 3403 427 3473 propinquam.
464 3401 515 3459 atii
528 3403 621 3453 Taetze
636 3401 731 3452 similes
751 3391 850 3449 πλατὺν
870 3395 914 3450 καὶ
935 3394 1018 3468 μέγαν

241 3479 437 3550 Ἑλλήσποντον
464 3489 552 3540 minus
575 3496 645 3539 reete
670 3487 831 3556 interpretati
841 3472 912 3538 'sunt
937 3497 1018 3540 totam

240 3573 440 3644 Propontidem,
452 3583 482 3624 ut
491 3571 626 3624 ostendam
638 3571 665 3622 in
675 3571 827 3650 tractatione
838 3571 1015 3642 Propontidis.

240 3661 307 3712 Nam
320 3659 469 3711 Eustatbius
478 3675 538 3711 cum
551 3675 604 3710 uno
618 3657 676 3709 loco
685 3657 951 3729 dicatPropeutidem
962 3676 1018 3709 esse

240 3763 269 3796 os
282 3745 367 3805 Ponti,
381 3742 550 3812 corrigendus
564 3753 643 3807 asset,
659 3743 708 3794 nisi
722 3743 773 3794 alio
790 3742 848 3795 loeo
864 3745 1015 3812 resipiscere

241 3829 383 3893 rideretur,
391 3847 452 3881 cum
463 3830 558 3900 inquit,
569 3829 700 3883 uexactius
711 3827 905 3880 etemendatius
913 3827 1015 3891 dieunt,

239 3915 284 3984 qui
294 3911 441 3981 traduntos
452 3914 672 3984 Pontiessesupra
686 3913 876 3964 Chalcedonem
886 3951 893 3976 ,
905 3937 915 3957 ι
928 3923 957 3992 ut
966 3923 1016 3965 tra·

239 4001 307 4054 dunt
327 4019 418 4053 omnes
435 4001 567 4064 historici,
578 3999 716 4068 geographi
729 4010 863 4068 portaeque
876 3999 1016 4068 Dionysius

240 4086 431 4140 Alexandrinus
443 4097 468 4139 et
484 4085 638 4156 Apollonius
658 4084 791 4148 llbodius;
807 4085 852 4153 qui
865 4103 974 4150 omnes,
988 4095 1016 4136 ut

239 4173 327 4243 partiti
338 4173 390 4224 sint
399 4171 595 4241 Hellespontum
603 4181 628 4222 et
638 4168 836 4238 Propontidem,
846 4168 907 4221 alias
919 4169 1014 4228 dicam,

239 4270 269 4312 ut
283 4277 345 4311 vero
358 4260 504 4328 Bosporum
523 4255 702 4316 terminarint,
713 4253 768 4323 jam
781 4253 845 4307 dixi.
884 4253 965 4322 Cujus
983 4253 1016 4305 tle

142 4332 145 4337 ’
239 4345 314 4396 initio
328 4354 353 4394 et
367 4344 418 4395 fine
432 4341 496 4411 quid
510 4341 683 4394 certissimum
695 4339 803 4392 babeam
813 4378 820 4402 ,
832 4339 852 4390 si
862 4339 921 4408 quis
931 4357 1014 4391 meam

224 4429 392 4482 sententiam
408 4427 475 4480 sorte
488 4427 612 4497 requirit,
625 4424 686 4476 dieo
698 4443 751 4476 noa
771 4423 852 4476 modo
868 4441 899 4475 ex
911 4425 1012 4493 eapitis,

238 4513 377 4572 sedetiam
389 4531 420 4564 ex
433 4512 531 4583 pedum
545 4529 622 4563 sensu
635 4511 738 4563 initium
751 4510 859 4580 Bospori
876 4527 891 4562 a
905 4511 1014 4579 Cyaneis

238 4617 291 4651 non
301 4617 315 4652 a
328 4601 400 4651 Fano
411 4598 476 4650 mihi
491 4598 572 4650 videri
582 4597 693 4650 intuenti
706 4615 720 4649 a
734 4597 915 4666 promontorio
926 4596 1012 4660 Phari,

237 4687 279 4738 cui
290 4686 414 4756 proximae
421 4686 595 4754 suntCyaneae
605 4683 693 4736 insulae
703 4685 846 4752 Eur-opaea,
853 4681 1015 4752 adpromon·

237 4773 334 4825 lorium
355 4773 422 4824 Asiae
436 4771 597 4822 contrarium
609 4809 615 4830 ,
628 4771 807 4840 propinquum
817 4769 926 4839 Cyaneis
940 4770 1013 4822 Asia·

237 4861 303 4921 ticis,
312 4862 427 4913 Pontum
437 4859 562 4910 coarctari
576 4859 602 4909 in
611 4857 705 4910 fretum
714 4857 794 4910 latum
808 4858 898 4926 viginti
910 4856 1010 4910 stadia:

236 5071 366 5142 ποιέιακῆς
383 5077 495 5146 περιόδου
511 5085 613 5127 auctor.
631 5077 724 5128 Totam
744 5073 931 5146 Propontidem
946 5093 1012 5128 non·

236 5156 321 5209 nullos
346 5155 503 5225 Hellesponti
530 5155 636 5206 nomine
654 5154 769 5207 allecisse
796 5165 903 5208 testatur
933 5156 1011 5207 etiam

226 5223 330 5288 'Strabo
342 5233 388 5287 lib.
401 5235 453 5286 Vll
464 5231 557 5304 fragm.
572 5233 691 5285 V'atican.
706 5232 747 5301 57.

1071 591 1163 634 uttam
1175 594 1245 636 reete
1257 584 1293 637 ibi
1307 588 1439 657 Bosporus
1451 591 1537 642 vocari
1553 590 1645 645 debeat
1657 610 1762 663 quama
1777 595 1859 649 Chal·

1071 668 1188 732 ccdone,
1200 670 1352 745 ubilinitur.
1366 674 1432 726 Nam
1446 684 1476 726 ut
1488 677 1599 745 spatium
1610 678 1699 747 ‚quod
1713 680 1858 732 intercedit
1925 743 1926 746 Ἴ

1072 756 1141 807 iuter
1162 756 1353 810 Chalcedonem
1367 769 1394 812 et
1405 762 1576 830 Byzantium,
1589 762 1715 815 dilatatur
1729 767 1756 816 in
1769 765 1857 817 stadia

1071 842 1175 893 circiter
1188 844 1295 910 viginti,
1309 842 1405 896 deinde
1420 847 1516 899 sensim
1527 848 1553 898 in
1566 857 1664 917 septem
1674 849 1758 901 stadia
1772 852 1855 902 strin-

1070 926 1150 993 git'ur,
1168 928 1206 977 sie
1222 929 1291 979 inter
1305 930 1420 998 Cyaneas
1433 930 1528 982 fretum
1541 932 1704 1001 interjectum
1716 934 1799 987 latum
1815 948 1857 987 est
1927 937 1928 1018 l

1070 1012 1161 1081 viginti
1171 1012 1263 1066 stadia.
1273 1015 1374 1067 Deinde
1386 1018 1481 1069 sensim
1491 1020 1628 1087 stringitur
1637 1038 1719 1089 usque
1733 1020 1766 1073 ad
1779 1024 1858 1092 Myr·
1927 1025 1928 1028 ’

1070 1099 1171 1153 leanum
1180 1105 1389 1172 promontorium
1399 1106 1425 1155 in
1433 1106 1647 1176 aragustiaspaulo
1655 1108 1759 1161 latiores
1767 1127 1854 1177 augu·
1928 1105 1929 1176 l

1069 1186 1124 1237 stiis
1136 1187 1210 1239 Fani.
1236 1187 1286 1239 Scd
1300 1187 1334 1240 de
1350 1190 1458 1259 Cyaneis
1475 1192 1605 1261 copiosius
1614 1191 1727 1245 dicetur.
1743 1197 1805 1246 Jam
1818 1194 1853 1247 de

1069 1274 1144 1325 initio
1153 1276 1264 1344 Bospori
1271 1275 1374 1344 loqmr,
1382 1275 1454 1347 quod
1465 1279 1595 1347 aCyaneis
1602 1277 1662 1330 duci
1673 1293 1854 1338 asseveranter

1068 1359 1180 1413 affirmo.
1194 1362 1273 1429 Ergo,
1286 1361 1355 1414 dicet
1367 1364 1505 1435 quispiam,
1516 1376 1636 1418 errarunt
1648 1367 1774 1437 Polybius
1783 1370 1853 1433 ,He-

1070 1444 1178 1498 rodotus
1188 1485 1195 1510 ,
1207 1441 1347 1518 Menippu's
1362 1459 1439 1518 atque
1456 1450 1499 1501 alii
1509 1444 1627 1520 plerique
1637 1454 1815 1521 antiquissimi
1826 1466 1853 1509 et
1930 1437 1931 1464 ³

1068 1529 1254 1603 eruditissimi,
1267 1533 1312 1600 qui
1333 1534 1480 1603 Bosporum
1495 1534 1556 1586 lano
1571 1537 1643 1588 Jovis
1658 1538 1854 1590 terminarunt?

1068 1618 1173 1669 Errasse
1182 1636 1234 1670 nou
1247 1618 1374 1683 dico‚sed
1386 1622 1420 1673 ita
1430 1621 1610 1689 intelligendos
1618 1642 1722 1687 censeo,
1734 1636 1775 1688 ut,
1787 1644 1851 1678 cum

1068 1701 1093 1753 id
1106 1704 1180 1773 spatii
1191 1744 1198 1766 ,
1209 1702 1281 1773 quod
1293 1707 1430 1759 intercedit
1441 1709 1508 1760 inter
1523 1711 1623 1762 Fanum
1638 1722 1664 1762 et
1677 1712 1797 1781 Cyaneas
1810 1715 1851 1765 in·

1066 1787 1143 1851 sulas,
1156 1788 1313 1841 suburbanis
1326 1789 1440 1843 duorum
1455 1792 1575 1846 sanorum
1595 1795 1650 1846 solo
1665 1779 1849 1849 heto'diviso·

1066 1889 1125 1924 rum
1147 1875 1253 1943 plenum
1276 1887 1341 1927 esset
1366 1877 1494 1942 aediliciis,
1514 1879 1569 1931 haec
1587 1884 1674 1933 omnia
1694 1894 1758 1935 tunc
1777 1886 1851 1937 Fana

1066 1955 1163 2010 luerint
1175 1972 1340 2031 nuncupata,
1353 1973 1382 2013 ut
1396 1981 1467 2015 nunc
1483 1965 1572 2016 eadem
1585 1965 1641 2019 lom
1655 1981 1749 2021 rotant
1763 1960 1849 2039 Ἱερά,

1065 2053 1142 2114 atque
1154 2047 1239 2116 ipsum
1253 2066 1282 2099 os
1294 2050 1369 2100 Ponti
1385 2050 1417 2101 ab
1427 2052 1530 2104 arcibus
1542 2054 1673 2104 Fanorum
1682 2054 1714 2105 ad
1729 2058 1851 2124 Cyaneas

1066 2130 1156 2199 vulgus
1177 2143 1251 2184 vocat
1265 2122 1356 2202 Ἱερόν.
1368 2136 1407 2185 Ita
1426 2136 1497 2186 enim
1518 2136 1584 2187 malo
1600 2138 1742 2205 intelligere
1759 2150 1849 2193 tantos

1064 2228 1198 2283 auctores,
1219 2229 1249 2271 ut
1268 2238 1313 2271 eos
1332 2238 1451 2271 revereor
1470 2224 1556 2290 potius
1571 2241 1649 2291 quam
1662 2243 1783 2277 accusem
1802 2246 1850 2278 ne·
1935 2277 1936 2298 ,

1064 2303 1202 2371 gligentiae.
1227 2307 1352 2371 Quamvis
1366 2304 1508 2374 Polybiuss
1535 2306 1561 2357 id
1582 2308 1746 2361 intervallum
1765 2312 1851 2364 situm

1065 2389 1133 2440 inter
1142 2390 1212 2441 Fana
1223 2400 1251 2441 et
1260 2390 1374 2459 Cyaneas
1386 2389 1523 2442 excludere
1535 2391 1568 2443 ab
1579 2410 1625 2443 ore
1639 2395 1714 2445 Ponti
1729 2395 1849 2461 videtur,

1065 2491 1125 2525 cum
1134 2476 1179 2539 ait,
1192 2476 1322 2546 aCyaneis
1331 2474 1365 2529 ad
1373 2478 1473 2528 Fanum
1485 2478 1557 2528 lovis
1566 2478 1634 2541 Urii,
1645 2479 1690 2529 ubi
1699 2490 1738 2531 est
1747 2482 1850 2533 ostium

1064 2562 1156 2626 Ponti,
1176 2562 1347 2632 quadraginta
1364 2582 1420 2615 esse
1437 2562 1529 2616 stadia.
1554 2564 1625 2631 Quid
1646 2566 1715 2617 enim
1740 2585 1851 2620 necesse

1064 2659 1120 2699 erat
1128 2648 1247 2713 definire,
1258 2668 1313 2701 esse
1324 2668 1353 2701 os
1365 2652 1451 2714 Ponti,
1464 2650 1509 2702 ubi
1524 2662 1562 2702 est
1572 2653 1593 2703 1²
1593 2669 1682 2716 anum,
1694 2670 1754 2704 cum
1760 2658 1848 2727 etiarn

1065 2731 1092 2783 id
1110 2734 1158 2797 sit,
1175 2733 1221 2785 uhi
1235 2744 1296 2785 sunt
1315 2736 1441 2804 Cyaneae?
1455 2735 1578 2787 Similiter
1597 2736 1690 2789 Strabo
1707 2740 1753 2807 (p.
1774 2739 1847 2808 320)

1064 2819 1158 2869 sentire
1178 2817 1319 2882 videretur,
1339 2837 1400 2871 eum
1422 2821 1458 2871 ait
1479 2822 1595 2890 Cyaneas
1621 2823 1688 2873 inter
1704 2840 1731 2873 se
1747 2822 1850 2876 divisas

1063 2920 1118 2953 esse
1136 2901 1204 2954 heto
1224 2903 1275 2955 lato
1296 2904 1386 2972 viginti
1403 2904 1498 2969 stadia,
1519 2905 1724 2976 tantundemque
1737 2908 1848 2960 casdem

1063 2987 1160 3039 distare
1173 3007 1189 3040 a
1203 2988 1263 3041 fano
1284 2991 1487 3059 Byzantiorum,
1507 2991 1579 3059 quod
1592 3002 1630 3043 est
1648 2995 1847 3046 strictissimum

1063 3074 1143 3124 totius
1164 3074 1274 3142 Bospori
1296 3075 1419 3139 Thracii,
1435 3073 1558 3144 quodque
1578 3078 1655 3128 etiam
1678 3087 1717 3129 est
1742 3081 1847 3131 ostium

1063 3158 1150 3222 Ponti,
1164 3159 1213 3210 nisi
1226 3161 1298 3229 prius
1311 3159 1417 3211 dixisset
1431 3162 1546 3230 Cyaneas
1561 3163 1655 3214 insulas
1668 3163 1694 3214 in
1709 3166 1786 3217 Ponti
1797 3184 1848 3216 ore

1062 3244 1123 3296 sitas
1141 3262 1203 3296 esse.
1229 3247 1320 3315 Itaque
1339 3245 1476 3315 Polybium
1492 3247 1610 3299 similiter
1636 3258 1665 3300 ut
1685 3249 1846 3302 Strabonem

1062 3330 1158 3380 sentire
1171 3328 1223 3381 dici
1243 3331 1364 3381 convenit
1377 3331 1463 3399 potius
1484 3347 1563 3400 quam
1576 3349 1696 3384 accusare
1710 3334 1845 3402 negligen-

1062 3415 1124 3467 tiam
1140 3414 1264 3465 metiendi
1286 3415 1395 3484 Bospori
1416 3433 1502 3466 veram
1517 3415 1722 3484 longitudinem,
1738 3436 1801 3488 qna·
1822 3423 1845 3471 sl

1061 3519 1076 3552 a
1097 3501 1207 3570 Cyaneis
1229 3501 1336 3570 incipit,
1362 3501 1465 3569 longior
1488 3511 1526 3553 est
1552 3501 1723 3570 quadraginta
1749 3504 1846 3555 stadiis

1062 3603 1139 3655 quam
1154 3587 1175 3637 si
1190 3585 1327 3637 exorditur
1341 3604 1357 3638 a
1373 3587 1457 3651 l'ano,
1474 3604 1526 3637 non
1542 3596 1570 3637 ut
1583 3586 1646 3638 mibi
1661 3586 1707 3638 soli
1724 3587 1843 3651 videtur,

1061 3669 1106 3722 sed
1126 3681 1152 3723 et
1174 3671 1286 3723 Arriano
1309 3671 1422 3741 (Peripl.
1446 3674 1461 3739 ς
1482 3671 1532 3741 37)
1549 3671 1670 3722 scribenti
1693 3689 1708 3723 a
1729 3673 1845 3742 Cyaneis

1060 3756 1092 3809 ad
1107 3758 1207 3811 Fanum
1221 3758 1292 3809 Jovis
1305 3758 1363 3808 Urii
1374 3755 1611 3826 essequadragiuta
1624 3755 1705 3808 stadia
1718 3795 1726 3821 ,
1738 3775 1753 3808 a
1768 3760 1845 3810 Fano

1060 3843 1211 3983 ydxportum
1230 3845 1309 3896 Lauri
1328 3845 1423 3896 insanae
1441 3845 1537 3908 XL,.a
1555 3841 1665 3914 Daphne
1684 3845 1843 3913 Byrantium

1110 3932 1161 3982 XX
1175 3930 1266 3982 stadia.

1399 4081 1448 4138 Fr.
1473 4089 1500 4138 3.

1094 4258 1182 4322 Quare
1191 4255 1273 4306 miror
1284 4256 1439 4326 Dionysium
1452 4257 1604 4325 Byrantium
1618 4255 1774 4308 scribentem
1789 4261 1841 4308 Bo-

1058 4341 1131 4410 spnri
1144 4340 1328 4406 longitudinem
1342 4354 1442 4394 centiam
1463 4353 1487 4394 et
1508 4343 1607 4408 vigilari
1619 4342 1709 4394 stadia
1726 4355 1836 4414 patere,

1058 4443 1118 4478 cum
1136 4425 1226 4477 insulis
1239 4427 1347 4496 Cyaneis
1365 4427 1386 4478 is
1399 4430 1544 4497 Bosporum
1559 4428 1689 4491 terminet,
1704 4429 1755 4480 nisi
1764 4429 1838 4480 arhi-

1057 4523 1111 4564 trer
1120 4512 1205 4580 ipsum
1218 4523 1337 4564 secutum
1346 4513 1456 4565 aliorum
1463 4512 1604 4582 judicium,
1618 4515 1773 4584 ponentium
1786 4517 1838 4565 ini·

1057 4600 1123 4648 tium
1136 4599 1243 4666 Bospori
1254 4599 1281 4649 in
1293 4601 1365 4650 Fano
1376 4601 1553 4669 potiusquam
1564 4617 1640 4651 suum
1650 4620 1657 4663 ;
1669 4610 1713 4651 aut
1726 4599 1836 4652 sortasse

1058 4694 1171 4735 erratum
1196 4696 1235 4737 est
1253 4683 1350 4736 codicis
1366 4687 1513 4754 transcripti
1529 4705 1544 4738 a
1558 4687 1645 4738 nescio
1660 4703 1731 4755 quo,
1750 4689 1839 4740 existi·

1058 4781 1145 4822 mante
1157 4771 1182 4822 in
1193 4773 1319 4841 Dionysio
1331 4772 1365 4823 ita
1376 4771 1524 4840 legendum,
1532 4783 1561 4824 ut
1571 4773 1598 4824 in
1607 4772 1718 4824 aliorum
1726 4773 1836 4843 scripto·

1057 4873 1116 4908 rum
1130 4855 1266 4909 codicibus
1277 4859 1386 4929 Bospori
1395 4857 1587 4911 dimensionem
1597 4859 1700 4928 legerat.

1090 5093 1117 5140 9.
1132 5074 1272 5145 Polybius]
1285 5076 1355 5127 Nihil
1367 5075 1399 5127 de
1417 5074 1466 5128 hae
1476 5075 1597 5128 distantia
1611 5075 1680 5154 apud
1696 5077 1834 5145 Polybium

1055 5154 1157 5222 legitur.
1174 5153 1273 5223 Gyllius
1288 5153 1393 5206 laudare
1413 5153 1524 5206 debebat
1543 5157 1682 5207 darianum
1698 5158 1713 5222 ς
1727 5156 1776 5224 37,
1791 5167 1832 5220 et,

1049 5232 1076 5283 ‘si
1092 5233 1232 5302 potuisset,
1249 5235 1415 5303 llnonymum
1425 5235 1483 5286 Per.
1493 5235 1524 5286 P.
1537 5235 1605 5286 Eur.
1618 5236 1633 5300 ς
1647 5251 1690 5301 90.
