<?xml version="1.0" encoding="UTF-8"?>
<!DOCTYPE html PUBLIC "-//W3C//DTD XHTML 1.0 Transitional//EN"
    "http://www.w3.org/TR/xhtml1/DTD/xhtml1-transitional.dtd">
<html xmlns="http://www.w3.org/1999/xhtml" xml:lang="en" lang="en">
 <head>
  <title>
</title>
<meta http-equiv="Content-Type" content="text/html;charset=utf-8" />
  <meta name='ocr-system' content='tesseract 3.04.00' />
  <meta name='ocr-capabilities' content='ocr_page ocr_carea ocr_par ocr_line ocrx_word'/>
</head>
<body>
  <div class='ocr_page' id='page_1' title='image "./geographigraeci04mlgoog/geographigraeci04mlgoog_0638.png"; bbox 0 0 3884 5925; ppageno 0'>
   <div class='ocr_carea' id='block_1_1' title="bbox 139 945 407 1017">
    <p class='ocr_par' dir='ltr' id='par_1_1' title="bbox 139 945 407 1017">
     <span class='ocr_line' id='line_1_1' title="bbox 139 945 407 1017; baseline -0.007 -6"><span class='ocrx_word' id='word_1_1' title='bbox 139 996 142 999; x_wconf 85' lang='lat'>-</span> <span class='ocrx_word' id='word_1_2' title='bbox 227 945 308 1011; x_wconf 78' lang='grc' dir='ltr'>Ἔννα</span> <span class='ocrx_word' id='word_1_3' title='bbox 323 952 407 1017; x_wconf 83' lang='grc' dir='ltr'>πολις.</span> 
     </span>
    </p>
   </div>
   <div class='ocr_carea' id='block_1_2' title="bbox 231 474 1199 536">
    <p class='ocr_par' dir='ltr' id='par_1_2' title="bbox 231 474 1199 536">
     <span class='ocr_line' id='line_1_2' title="bbox 231 474 1199 536; baseline 0.003 -3"><span class='ocrx_word' id='word_1_4' title='bbox 231 485 287 533; x_wconf 74' lang='lat' dir='ltr'>tut</span> <span class='ocrx_word' id='word_1_5' title='bbox 724 529 728 535; x_wconf 83' lang='grc'>,</span> <span class='ocrx_word' id='word_1_6' title='bbox 859 474 1199 536; x_wconf 78' lang='lat' dir='ltr'>cflRuSTOMATfltAE</span> 
     </span>
    </p>
   </div>
   <div class='ocr_carea' id='block_1_3' title="bbox 226 600 1835 1305">
    <p class='ocr_par' dir='ltr' id='par_1_3' title="bbox 229 600 1833 768">
     <span class='ocr_line' id='line_1_3' title="bbox 269 600 1833 681; baseline 0 -18"><span class='ocrx_word' id='word_1_7' title='bbox 269 622 306 663; x_wconf 70' lang='grc' dir='ltr'>τε.</span> <span class='ocrx_word' id='word_1_8' title='bbox 329 602 393 661; x_wconf 83' lang='grc' dir='ltr'>Ὅτι</span> <span class='ocrx_word' id='word_1_9' title='bbox 417 600 463 670; x_wconf 65' lang='grc' dir='ltr'>τὴν</span> <span class='ocrx_word' id='word_1_10' title='bbox 488 601 611 661; x_wconf 76' lang='grc' dir='ltr'>Σικελίαν</span> <span class='ocrx_word' id='word_1_11' title='bbox 635 600 665 658; x_wconf 83' lang='grc' dir='ltr'>τὸ</span> <span class='ocrx_word' id='word_1_12' title='bbox 688 601 799 661; x_wconf 71' lang='grc' dir='ltr'>παλαιὸν</span> <span class='ocrx_word' id='word_1_13' title='bbox 824 605 931 678; x_wconf 84' lang='grc' dir='ltr'>ταμεῖον</span> <span class='ocrx_word' id='word_1_14' title='bbox 959 606 1004 673; x_wconf 72' lang='grc' dir='ltr'>τῆς</span> <span class='ocrx_word' id='word_1_15' title='bbox 1084 620 1125 670; x_wconf 84' lang='lat'>27.</span> <span class='ocrx_word' id='word_1_16' title='bbox 1147 604 1259 656; x_wconf 83' lang='lat' dir='ltr'>Siciliam</span> <span class='ocrx_word' id='word_1_17' title='bbox 1276 604 1438 659; x_wconf 77' lang='lat' dir='ltr'>oiirnliomae</span> <span class='ocrx_word' id='word_1_18' title='bbox 1451 608 1540 661; x_wconf 80' lang='lat' dir='ltr'>ceilam</span> <span class='ocrx_word' id='word_1_19' title='bbox 1560 610 1692 681; x_wconf 86' lang='lat' dir='ltr'>penariam</span> <span class='ocrx_word' id='word_1_20' title='bbox 1713 611 1833 663; x_wconf 79' lang='lat' dir='ltr'>Romani</span> 
     </span>
     <span class='ocr_line' id='line_1_4' title="bbox 229 688 1218 768; baseline -0.002 -17"><span class='ocrx_word' id='word_1_21' title='bbox 229 689 337 768; x_wconf 82' lang='grc' dir='ltr'>Ῥώμης</span> <span class='ocrx_word' id='word_1_22' title='bbox 350 689 455 749; x_wconf 77' lang='grc' dir='ltr'>ἐκάλουν</span> <span class='ocrx_word' id='word_1_23' title='bbox 468 688 608 763; x_wconf 78' lang='grc' dir='ltr'>Ῥωμαῖοι.</span> <span class='ocrx_word' id='word_1_24' title='bbox 1048 690 1218 759; x_wconf 80' lang='lat' dir='ltr'>appetierunt.</span> 
     </span>
    </p>

    <p class='ocr_par' dir='ltr' id='par_1_4' title="bbox 228 766 1835 1026">
     <span class='ocr_line' id='line_1_5' title="bbox 268 766 1834 853; baseline 0.001 -19"><span class='ocrx_word' id='word_1_25' title='bbox 268 798 306 837; x_wconf 77' lang='lat' dir='ltr'>as.</span> <span class='ocrx_word' id='word_1_26' title='bbox 327 775 391 835; x_wconf 71' lang='lat' dir='ltr'>“Ort</span> <span class='ocrx_word' id='word_1_27' title='bbox 420 766 472 833; x_wconf 76' lang='grc' dir='ltr'>οἷον</span> <span class='ocrx_word' id='word_1_28' title='bbox 509 774 661 853; x_wconf 87' lang='grc' dir='ltr'>άκροπολεις</span> <span class='ocrx_word' id='word_1_29' title='bbox 698 772 742 830; x_wconf 83' lang='grc' dir='ltr'>δύο</span> <span class='ocrx_word' id='word_1_30' title='bbox 780 773 947 851; x_wconf 85' lang='grc' dir='ltr'>Συράκουσαί</span> <span class='ocrx_word' id='word_1_31' title='bbox 976 798 1003 831; x_wconf 89' lang='grc' dir='ltr'>τε</span> <span class='ocrx_word' id='word_1_32' title='bbox 1083 778 1127 830; x_wconf 79' lang='lat'>28.</span> <span class='ocrx_word' id='word_1_33' title='bbox 1147 776 1281 848; x_wconf 85' lang='lat' dir='ltr'>Tanquam</span> <span class='ocrx_word' id='word_1_34' title='bbox 1292 778 1351 831; x_wconf 73' lang='lat' dir='ltr'>duce</span> <span class='ocrx_word' id='word_1_35' title='bbox 1364 796 1436 831; x_wconf 77' lang='lat' dir='ltr'>arces</span> <span class='ocrx_word' id='word_1_36' title='bbox 1447 780 1538 833; x_wconf 80' lang='lat' dir='ltr'>Sicilire</span> <span class='ocrx_word' id='word_1_37' title='bbox 1549 782 1603 833; x_wconf 75' lang='lat' dir='ltr'>sitas</span> <span class='ocrx_word' id='word_1_38' title='bbox 1618 794 1679 835; x_wconf 88' lang='lat' dir='ltr'>sunt</span> <span class='ocrx_word' id='word_1_39' title='bbox 1692 784 1834 853; x_wconf 71' lang='lat' dir='ltr'>Syracusae</span> 
     </span>
     <span class='ocr_line' id='line_1_6' title="bbox 228 859 1638 942; baseline 0.001 -24"><span class='ocrx_word' id='word_1_40' title='bbox 228 864 273 923; x_wconf 83' lang='grc' dir='ltr'>καί</span> <span class='ocrx_word' id='word_1_41' title='bbox 288 870 303 925; x_wconf 74' lang='grc' dir='ltr'><strong>ὁ</strong></span> <span class='ocrx_word' id='word_1_42' title='bbox 316 859 398 941; x_wconf 79' lang='grc' dir='ltr'>Ἔρυξ</span> <span class='ocrx_word' id='word_1_43' title='bbox 409 860 528 942; x_wconf 75' lang='grc' dir='ltr'>ἵδρυνται</span> <span class='ocrx_word' id='word_1_44' title='bbox 542 866 588 931; x_wconf 76' lang='grc' dir='ltr'>τῆς</span> <span class='ocrx_word' id='word_1_45' title='bbox 602 863 738 927; x_wconf 71' lang='grc' dir='ltr'>Σικελίας·</span> <span class='ocrx_word' id='word_1_46' title='bbox 753 859 822 937; x_wconf 79' lang='grc' dir='ltr'>μέση</span> <span class='ocrx_word' id='word_1_47' title='bbox 839 864 861 919; x_wconf 83' lang='grc' dir='ltr'>δ’</span> <span class='ocrx_word' id='word_1_48' title='bbox 874 867 969 942; x_wconf 77' lang='grc' dir='ltr'>ὰμροῖυ</span> <span class='ocrx_word' id='word_1_49' title='bbox 986 867 1001 933; x_wconf 75' lang='grc' dir='ltr'><strong>ἡ</strong></span> <span class='ocrx_word' id='word_1_50' title='bbox 1048 871 1074 913; x_wconf 90' lang='lat' dir='ltr'>et</span> <span class='ocrx_word' id='word_1_51' title='bbox 1085 863 1170 932; x_wconf 77' lang='lat' dir='ltr'>Eryx;</span> <span class='ocrx_word' id='word_1_52' title='bbox 1183 864 1250 916; x_wconf 89' lang='lat' dir='ltr'>inter</span> <span class='ocrx_word' id='word_1_53' title='bbox 1261 882 1326 933; x_wconf 90' lang='lat' dir='ltr'>quas</span> <span class='ocrx_word' id='word_1_54' title='bbox 1336 864 1420 917; x_wconf 86' lang='lat' dir='ltr'>media</span> <span class='ocrx_word' id='word_1_55' title='bbox 1431 877 1470 917; x_wconf 90' lang='lat' dir='ltr'>est</span> <span class='ocrx_word' id='word_1_56' title='bbox 1481 867 1556 919; x_wconf 89' lang='lat' dir='ltr'>Enna</span> <span class='ocrx_word' id='word_1_57' title='bbox 1566 868 1638 919; x_wconf 87' lang='lat' dir='ltr'>urbs.</span> 
     </span>
     <span class='ocr_line' id='line_1_7' title="bbox 1083 950 1835 1026; baseline 0.009 -25"><span class='ocrx_word' id='word_1_58' title='bbox 1083 965 1127 1017; x_wconf 84' lang='lat'>29.</span> <span class='ocrx_word' id='word_1_59' title='bbox 1147 950 1229 1003; x_wconf 84' lang='lat' dir='ltr'>AEtnre</span> <span class='ocrx_word' id='word_1_60' title='bbox 1239 950 1434 1022; x_wconf 85' lang='lat' dir='ltr'>locasnperiora</span> <span class='ocrx_word' id='word_1_61' title='bbox 1446 953 1515 1005; x_wconf 90' lang='lat' dir='ltr'>nuda</span> <span class='ocrx_word' id='word_1_62' title='bbox 1527 964 1623 1006; x_wconf 90' lang='lat' dir='ltr'>suntet</span> <span class='ocrx_word' id='word_1_63' title='bbox 1635 956 1769 1018; x_wconf 85' lang='lat' dir='ltr'>cinerosa,</span> <span class='ocrx_word' id='word_1_64' title='bbox 1781 974 1835 1026; x_wconf 84' lang='lat' dir='ltr'>per</span> 
     </span>
    </p>

    <p class='ocr_par' dir='ltr' id='par_1_5' title="bbox 226 1036 1832 1305">
     <span class='ocr_line' id='line_1_8' title="bbox 265 1036 1831 1115; baseline 0.004 -16"><span class='ocrx_word' id='word_1_65' title='bbox 265 1058 304 1098; x_wconf 78' lang='grc' dir='ltr'>οο.</span> <span class='ocrx_word' id='word_1_66' title='bbox 326 1036 392 1098; x_wconf 73' lang='grc' dir='ltr'>Ὀτι</span> <span class='ocrx_word' id='word_1_67' title='bbox 407 1040 453 1108; x_wconf 84' lang='grc' dir='ltr'>τῆς</span> <span class='ocrx_word' id='word_1_68' title='bbox 470 1037 566 1107; x_wconf 79' lang='grc' dir='ltr'>Αἴτνης</span> <span class='ocrx_word' id='word_1_69' title='bbox 580 1036 613 1093; x_wconf 79' lang='grc' dir='ltr'>τὰ</span> <span class='ocrx_word' id='word_1_70' title='bbox 629 1036 682 1095; x_wconf 81' lang='grc' dir='ltr'>άνω</span> <span class='ocrx_word' id='word_1_71' title='bbox 696 1036 781 1115; x_wconf 79' lang='grc' dir='ltr'>χωρία</span> <span class='ocrx_word' id='word_1_72' title='bbox 804 1038 868 1115; x_wconf 78' lang='grc' dir='ltr'>ψιλά</span> <span class='ocrx_word' id='word_1_73' title='bbox 888 1039 942 1095; x_wconf 84' lang='grc' dir='ltr'>ἐστι</span> <span class='ocrx_word' id='word_1_74' title='bbox 958 1037 1003 1097; x_wconf 75' lang='grc' dir='ltr'>καί</span> <span class='ocrx_word' id='word_1_75' title='bbox 1047 1048 1160 1101; x_wconf 82' lang='lat' dir='ltr'><strong>hiemem</strong></span> <span class='ocrx_word' id='word_1_76' title='bbox 1172 1050 1345 1103; x_wconf 83' lang='lat' dir='ltr'>veroniribus</span> <span class='ocrx_word' id='word_1_77' title='bbox 1357 1050 1459 1115; x_wconf 76' lang='lat' dir='ltr'>referta,</span> <span class='ocrx_word' id='word_1_78' title='bbox 1473 1050 1691 1113; x_wconf 56' lang='lat' dir='ltr'>inferiora&#39;autem</span> <span class='ocrx_word' id='word_1_79' title='bbox 1707 1056 1831 1106; x_wconf 78' lang='lat' dir='ltr'>nemori·</span> 
     </span>
     <span class='ocr_line' id='line_1_9' title="bbox 226 1122 1832 1203; baseline 0.004 -14"><span class='ocrx_word' id='word_1_80' title='bbox 226 1122 348 1203; x_wconf 59' lang='grc' dir='ltr'>τεφρώδη</span> <span class='ocrx_word' id='word_1_81' title='bbox 362 1124 503 1203; x_wconf 53' lang='lat' dir='ltr'>mixtim</span> <span class='ocrx_word' id='word_1_82' title='bbox 514 1124 657 1196; x_wconf 74' lang='grc' dir='ltr'>μεστδτοῢ</span> <span class='ocrx_word' id='word_1_83' title='bbox 671 1124 862 1203; x_wconf 73' lang='grc' dir='ltr'>χειμῶνος,τᾶ</span> <span class='ocrx_word' id='word_1_84' title='bbox 883 1125 954 1182; x_wconf 69' lang='grc' dir='ltr'>κάτω</span> <span class='ocrx_word' id='word_1_85' title='bbox 976 1126 1002 1183; x_wconf 65' lang='grc' dir='ltr'>δὲ</span> <span class='ocrx_word' id='word_1_86' title='bbox 1047 1138 1097 1191; x_wconf 88' lang='lat' dir='ltr'>bns</span> <span class='ocrx_word' id='word_1_87' title='bbox 1106 1149 1132 1191; x_wconf 92' lang='lat' dir='ltr'>et</span> <span class='ocrx_word' id='word_1_88' title='bbox 1141 1140 1217 1191; x_wconf 82' lang='lat' dir='ltr'>variis</span> <span class='ocrx_word' id='word_1_89' title='bbox 1227 1140 1546 1194; x_wconf 82' lang='lat' dir='ltr'>arborumconsitionibus</span> <span class='ocrx_word' id='word_1_90' title='bbox 1556 1143 1687 1197; x_wconf 87' lang='lat' dir='ltr'>distincta.</span> <span class='ocrx_word' id='word_1_91' title='bbox 1725 1146 1832 1195; x_wconf 77' lang='lat' dir='ltr'>Montis</span> 
     </span>
     <span class='ocr_line' id='line_1_10' title="bbox 226 1209 1832 1305; baseline 0.007 -30"><span class='ocrx_word' id='word_1_92' title='bbox 226 1212 331 1288; x_wconf 72' lang='grc' dir='ltr'>δρομοῖς</span> <span class='ocrx_word' id='word_1_93' title='bbox 349 1211 394 1270; x_wconf 73' lang='grc' dir='ltr'>κοί</span> <span class='ocrx_word' id='word_1_94' title='bbox 410 1210 525 1291; x_wconf 59' lang='grc' dir='ltr'>φυτείαις</span> <span class='ocrx_word' id='word_1_95' title='bbox 540 1211 686 1282; x_wconf 58' lang='lat' dir='ltr'>&amp;didimi</span> <span class='ocrx_word' id='word_1_96' title='bbox 701 1213 890 1276; x_wconf 67' lang='grc' dir='ltr'>παντοδαπαῖς·</span> <span class='ocrx_word' id='word_1_97' title='bbox 912 1209 1003 1272; x_wconf 58' lang='lat' dir='ltr'>&#39;Etim</span> <span class='ocrx_word' id='word_1_98' title='bbox 1047 1228 1125 1300; x_wconf 90' lang='lat' dir='ltr'>hujus</span> <span class='ocrx_word' id='word_1_99' title='bbox 1134 1232 1270 1283; x_wconf 88' lang='lat' dir='ltr'>cacumina</span> <span class='ocrx_word' id='word_1_100' title='bbox 1281 1231 1363 1283; x_wconf 86' lang='lat' dir='ltr'>varias</span> <span class='ocrx_word' id='word_1_101' title='bbox 1373 1232 1517 1303; x_wconf 84' lang='lat' dir='ltr'>suscipiunt</span> <span class='ocrx_word' id='word_1_102' title='bbox 1529 1234 1694 1298; x_wconf 85' lang='lat' dir='ltr'>mutationes,</span> <span class='ocrx_word' id='word_1_103' title='bbox 1707 1232 1745 1287; x_wconf 86' lang='lat' dir='ltr'>ob</span> <span class='ocrx_word' id='word_1_104' title='bbox 1760 1237 1832 1305; x_wconf 78' lang='lat' dir='ltr'>ignis</span> 
     </span>
    </p>
   </div>
   <div class='ocr_carea' id='block_1_4' title="bbox 225 1296 1831 1493">
    <p class='ocr_par' dir='ltr' id='par_1_6' title="bbox 225 1296 1831 1493">
     <span class='ocr_line' id='line_1_11' title="bbox 225 1296 1831 1395; baseline 0.006 -23"><span class='ocrx_word' id='word_1_105' title='bbox 225 1296 254 1355; x_wconf 59' lang='grc' dir='ltr'>δὲ</span> <span class='ocrx_word' id='word_1_106' title='bbox 267 1296 414 1373; x_wconf 59' lang='grc' dir='ltr'>λαμόάνῑῑν</span> <span class='ocrx_word' id='word_1_107' title='bbox 436 1298 584 1373; x_wconf 48' lang='lat' dir='ltr'>imi&amp;dili</span> <span class='ocrx_word' id='word_1_108' title='bbox 608 1296 706 1365; x_wconf 59' lang='grc' dir='ltr'>πολλὰ(</span> <span class='ocrx_word' id='word_1_109' title='bbox 723 1297 756 1355; x_wconf 59' lang='grc' dir='ltr'>τὰ</span> <span class='ocrx_word' id='word_1_110' title='bbox 778 1298 847 1375; x_wconf 61' lang='grc' dir='ltr'>ἄκρα</span> <span class='ocrx_word' id='word_1_111' title='bbox 867 1306 912 1358; x_wconf 62' lang='grc' dir='ltr'>Τοῦ</span> <span class='ocrx_word' id='word_1_112' title='bbox 931 1300 1004 1379; x_wconf 57' lang='grc' dir='ltr'>ὅρους</span> <span class='ocrx_word' id='word_1_113' title='bbox 1047 1326 1246 1394; x_wconf 76' lang='lat' dir='ltr'>grassationem,</span> <span class='ocrx_word' id='word_1_114' title='bbox 1259 1326 1468 1381; x_wconf 87' lang='lat' dir='ltr'>modoinunum</span> <span class='ocrx_word' id='word_1_115' title='bbox 1482 1339 1606 1382; x_wconf 76' lang='lat' dir='ltr'>craterem</span> <span class='ocrx_word' id='word_1_116' title='bbox 1618 1330 1731 1395; x_wconf 84' lang='lat' dir='ltr'>collecti,</span> <span class='ocrx_word' id='word_1_117' title='bbox 1745 1334 1831 1385; x_wconf 86' lang='lat' dir='ltr'>modo</span> 
     </span>
     <span class='ocr_line' id='line_1_12' title="bbox 226 1381 1831 1493; baseline 0.009 -26"><span class='ocrx_word' id='word_1_118' title='bbox 226 1381 269 1440; x_wconf 54' lang='grc' dir='ltr'>διὰ</span> <span class='ocrx_word' id='word_1_119' title='bbox 288 1383 336 1452; x_wconf 64' lang='grc' dir='ltr'>τὴν</span> <span class='ocrx_word' id='word_1_120' title='bbox 355 1382 437 1460; x_wconf 62' lang='lat' dir='ltr'>*0in</span> <span class='ocrx_word' id='word_1_121' title='bbox 456 1389 501 1441; x_wconf 62' lang='grc' dir='ltr'>τοῦ</span> <span class='ocrx_word' id='word_1_122' title='bbox 524 1383 623 1461; x_wconf 56' lang='grc' dir='ltr'>πυρὸςο</span> <span class='ocrx_word' id='word_1_123' title='bbox 637 1383 695 1441; x_wconf 59' lang='grc' dir='ltr'>τοτὲ</span> <span class='ocrx_word' id='word_1_124' title='bbox 710 1382 757 1457; x_wconf 64' lang='grc' dir='ltr'>μὲν</span> <span class='ocrx_word' id='word_1_125' title='bbox 778 1386 813 1450; x_wconf 59' lang='grc' dir='ltr'>Εἷς</span> <span class='ocrx_word' id='word_1_126' title='bbox 827 1385 872 1443; x_wconf 55' lang='grc' dir='ltr'>ἕνα</span> <span class='ocrx_word' id='word_1_127' title='bbox 885 1391 1003 1463; x_wconf 56' lang='grc' dir='ltr'>κρατῆρα</span> <span class='ocrx_word' id='word_1_128' title='bbox 1046 1419 1150 1479; x_wconf 77' lang='lat' dir='ltr'>divisim</span> <span class='ocrx_word' id='word_1_129' title='bbox 1164 1420 1309 1491; x_wconf 84' lang='lat' dir='ltr'>effluentis,</span> <span class='ocrx_word' id='word_1_130' title='bbox 1323 1440 1395 1477; x_wconf 90' lang='lat' dir='ltr'>nunc</span> <span class='ocrx_word' id='word_1_131' title='bbox 1406 1424 1494 1493; x_wconf 83' lang='lat' dir='ltr'>igneos</span> <span class='ocrx_word' id='word_1_132' title='bbox 1506 1425 1646 1479; x_wconf 85' lang='lat' dir='ltr'>emittentis</span> <span class='ocrx_word' id='word_1_133' title='bbox 1655 1428 1743 1489; x_wconf 86' lang='lat' dir='ltr'>rivos,</span> <span class='ocrx_word' id='word_1_134' title='bbox 1756 1446 1831 1481; x_wconf 91' lang='lat' dir='ltr'>nnnc</span> 
     </span>
    </p>
   </div>
   <div class='ocr_carea' id='block_1_5' title="bbox 152 1463 1829 1589">
    <p class='ocr_par' dir='ltr' id='par_1_7' title="bbox 152 1463 1829 1589">
     <span class='ocr_line' id='line_1_13' title="bbox 152 1463 1829 1589; baseline 0.034 -110"><span class='ocrx_word' id='word_1_135' title='bbox 152 1467 157 1479; x_wconf 91' lang='grc'>,</span> <span class='ocrx_word' id='word_1_136' title='bbox 225 1463 438 1548; x_wconf 77' lang='grc' dir='ltr'>ουμρερομένοίι,</span> <span class='ocrx_word' id='word_1_137' title='bbox 458 1471 517 1530; x_wconf 79' lang='grc' dir='ltr'>τοτὲ</span> <span class='ocrx_word' id='word_1_138' title='bbox 544 1471 572 1528; x_wconf 83' lang='grc' dir='ltr'>δέ</span> <span class='ocrx_word' id='word_1_139' title='bbox 603 1470 772 1549; x_wconf 73' lang='grc' dir='ltr'>σχιζομίνου,</span> <span class='ocrx_word' id='word_1_140' title='bbox 796 1471 841 1530; x_wconf 82' lang='grc' dir='ltr'>καί</span> <span class='ocrx_word' id='word_1_141' title='bbox 865 1469 922 1532; x_wconf 81' lang='grc' dir='ltr'>τοτέ</span> <span class='ocrx_word' id='word_1_142' title='bbox 955 1474 1002 1547; x_wconf 83' lang='grc' dir='ltr'>μὲν</span> <span class='ocrx_word' id='word_1_143' title='bbox 1046 1517 1165 1571; x_wconf 51' lang='lat' dir='ltr'><strong>flammas</strong></span> <span class='ocrx_word' id='word_1_144' title='bbox 1185 1518 1351 1589; x_wconf 50' lang='lat' dir='ltr'>summasque</span> <span class='ocrx_word' id='word_1_145' title='bbox 1370 1518 1504 1589; x_wconf 53' lang='lat' dir='ltr'>fuligines,</span> <span class='ocrx_word' id='word_1_146' title='bbox 1526 1520 1658 1575; x_wconf 50' lang='lat' dir='ltr'>interdum</span> <span class='ocrx_word' id='word_1_147' title='bbox 1679 1526 1760 1577; x_wconf 57' lang='lat' dir='ltr'>eum</span> <span class='ocrx_word' id='word_1_148' title='bbox 1784 1543 1829 1577; x_wconf 45' lang='lat' dir='ltr'>ffl-</span> 
     </span>
    </p>
   </div>
   <div class='ocr_carea' id='block_1_6' title="bbox 224 1556 1831 1809">
    <p class='ocr_par' dir='ltr' id='par_1_8' title="bbox 224 1556 1831 1809">
     <span class='ocr_line' id='line_1_14' title="bbox 227 1556 1277 1636; baseline 0.005 -23"><span class='ocrx_word' id='word_1_149' title='bbox 227 1556 327 1636; x_wconf 82' lang='grc' dir='ltr'>ῥύακας</span> <span class='ocrx_word' id='word_1_150' title='bbox 347 1557 561 1632; x_wconf 75' lang='grc' dir='ltr'>ἀναπέμποντος,</span> <span class='ocrx_word' id='word_1_151' title='bbox 582 1556 641 1616; x_wconf 75' lang='lat' dir='ltr'>rori</span> <span class='ocrx_word' id='word_1_152' title='bbox 666 1556 692 1614; x_wconf 80' lang='grc' dir='ltr'>δέ</span> <span class='ocrx_word' id='word_1_153' title='bbox 714 1558 811 1635; x_wconf 71' lang='grc' dir='ltr'>φλόγας</span> <span class='ocrx_word' id='word_1_154' title='bbox 834 1558 879 1617; x_wconf 87' lang='grc' dir='ltr'>καὶ</span> <span class='ocrx_word' id='word_1_155' title='bbox 901 1562 1002 1635; x_wconf 76' lang='grc' dir='ltr'>λιγνύς,</span> <span class='ocrx_word' id='word_1_156' title='bbox 1271 1614 1277 1626; x_wconf 80' lang='grc'>,</span> 
     </span>
     <span class='ocr_line' id='line_1_15' title="bbox 225 1610 1831 1723; baseline 0.006 -24"><span class='ocrx_word' id='word_1_157' title='bbox 225 1643 320 1701; x_wconf 82' lang='grc' dir='ltr'>ἄλλοτε</span> <span class='ocrx_word' id='word_1_158' title='bbox 335 1643 362 1699; x_wconf 73' lang='grc' dir='ltr'>δὲ</span> <span class='ocrx_word' id='word_1_159' title='bbox 381 1644 425 1702; x_wconf 90' lang='grc' dir='ltr'>καί</span> <span class='ocrx_word' id='word_1_160' title='bbox 440 1643 550 1722; x_wconf 77' lang='grc' dir='ltr'>μύδρους</span> <span class='ocrx_word' id='word_1_161' title='bbox 566 1646 756 1723; x_wconf 77' lang='grc' dir='ltr'>άναιρνσῶντος.</span> <span class='ocrx_word' id='word_1_162' title='bbox 784 1644 894 1719; x_wconf 82' lang='grc' dir='ltr'>Ἀνάγκη</span> <span class='ocrx_word' id='word_1_163' title='bbox 912 1645 939 1703; x_wconf 83' lang='grc' dir='ltr'>δέ</span> <span class='ocrx_word' id='word_1_164' title='bbox 951 1648 1003 1712; x_wconf 81' lang='grc' dir='ltr'>τοῖς</span> <span class='ocrx_word' id='word_1_165' title='bbox 1046 1610 1137 1665; x_wconf 58' lang='lat' dir='ltr'>deum</span> <span class='ocrx_word' id='word_1_166' title='bbox 1148 1612 1409 1723; x_wconf 50' lang='lat' dir='ltr'>“balanusfmmf</span> <span class='ocrx_word' id='word_1_167' title='bbox 1445 1616 1557 1667; x_wconf 57' lang='lat' dir='ltr'>Nm</span> <span class='ocrx_word' id='word_1_168' title='bbox 1566 1626 1705 1670; x_wconf 54' lang='lat' dir='ltr'>“tamem</span> <span class='ocrx_word' id='word_1_169' title='bbox 1724 1632 1831 1673; x_wconf 57' lang='lat' dir='ltr'>mmm</span> 
     </span>
     <span class='ocr_line' id='line_1_16' title="bbox 224 1706 1827 1809; baseline 0.004 -22"><span class='ocrx_word' id='word_1_170' title='bbox 224 1726 319 1787; x_wconf 87' lang='grc' dir='ltr'>πάθεσι</span> <span class='ocrx_word' id='word_1_171' title='bbox 333 1727 432 1796; x_wconf 81' lang='grc' dir='ltr'>τούτοις</span> <span class='ocrx_word' id='word_1_172' title='bbox 442 1730 501 1795; x_wconf 87' lang='grc' dir='ltr'>τούς</span> <span class='ocrx_word' id='word_1_173' title='bbox 512 1752 540 1787; x_wconf 90' lang='grc' dir='ltr'>τε</span> <span class='ocrx_word' id='word_1_174' title='bbox 552 1730 657 1807; x_wconf 75' lang='grc' dir='ltr'>ύπδγῆν</span> <span class='ocrx_word' id='word_1_175' title='bbox 669 1730 764 1809; x_wconf 84' lang='grc' dir='ltr'>πόρους</span> <span class='ocrx_word' id='word_1_176' title='bbox 774 1730 1010 1806; x_wconf 76' lang='grc' dir='ltr'>συμμεταύάλλειν</span> <span class='ocrx_word' id='word_1_177' title='bbox 1045 1706 1228 1761; x_wconf 66' lang='lat' dir='ltr'>⁵¹¹b¹⁸m⁰⁰⁰⁸</span> <span class='ocrx_word' id='word_1_178' title='bbox 1250 1720 1347 1780; x_wconf 63' lang='lat' dir='ltr'>Pffloe&#39;</span> <span class='ocrx_word' id='word_1_179' title='bbox 1370 1727 1431 1763; x_wconf 64' lang='lat' dir='ltr'>cum</span> <span class='ocrx_word' id='word_1_180' title='bbox 1451 1710 1492 1763; x_wconf 58' lang='grc' dir='ltr'>Μ’</span> <span class='ocrx_word' id='word_1_181' title='bbox 1512 1710 1691 1765; x_wconf 51' lang='lat' dir='ltr'>aoeidenfibu&#39;</span> <span class='ocrx_word' id='word_1_182' title='bbox 1711 1716 1827 1779; x_wconf 43' lang='lat' dir='ltr'>”¹¹⁶¹ss</span> 
     </span>
    </p>
   </div>
   <div class='ocr_carea' id='block_1_7' title="bbox 221 1803 1830 3020">
    <p class='ocr_par' dir='ltr' id='par_1_9' title="bbox 224 1803 1829 1978">
     <span class='ocr_line' id='line_1_17' title="bbox 224 1803 1829 1896; baseline 0.005 -25"><span class='ocrx_word' id='word_1_183' title='bbox 224 1815 269 1872; x_wconf 85' lang='grc' dir='ltr'>καί</span> <span class='ocrx_word' id='word_1_184' title='bbox 287 1814 320 1874; x_wconf 76' lang='grc' dir='ltr'>τά</span> <span class='ocrx_word' id='word_1_185' title='bbox 336 1814 432 1891; x_wconf 84' lang='grc' dir='ltr'>στόμια</span> <span class='ocrx_word' id='word_1_186' title='bbox 450 1816 531 1875; x_wconf 81' lang='grc' dir='ltr'>ἐνίοτε</span> <span class='ocrx_word' id='word_1_187' title='bbox 548 1817 631 1874; x_wconf 90' lang='grc' dir='ltr'>πλείω</span> <span class='ocrx_word' id='word_1_188' title='bbox 644 1815 712 1874; x_wconf 84' lang='grc' dir='ltr'>κατδι</span> <span class='ocrx_word' id='word_1_189' title='bbox 729 1817 776 1886; x_wconf 74' lang='grc' dir='ltr'>τὴν</span> <span class='ocrx_word' id='word_1_190' title='bbox 791 1817 939 1896; x_wconf 82' lang='grc' dir='ltr'>ἐπιφάνειαν</span> <span class='ocrx_word' id='word_1_191' title='bbox 954 1817 1002 1890; x_wconf 75' lang='grc' dir='ltr'>τὴν</span> <span class='ocrx_word' id='word_1_192' title='bbox 1045 1812 1123 1872; x_wconf 60' lang='lat' dir='ltr'>“ique</span> <span class='ocrx_word' id='word_1_193' title='bbox 1136 1822 1183 1858; x_wconf 66' lang='lat'>⁰¹⁸</span> <span class='ocrx_word' id='word_1_194' title='bbox 1195 1803 1355 1875; x_wconf 61' lang='lat' dir='ltr'>‘iffifldffliu‘</span> <span class='ocrx_word' id='word_1_195' title='bbox 1368 1804 1443 1876; x_wconf 66' lang='grc' dir='ltr'>ΡΙΙΙΙῚΙ</span> <span class='ocrx_word' id='word_1_196' title='bbox 1455 1807 1549 1876; x_wconf 56' lang='grc' dir='ltr'>8ΡΕΓῙΓῙ</span> <span class='ocrx_word' id='word_1_197' title='bbox 1567 1808 1594 1859; x_wconf 69' lang='grc' dir='ltr'>ἷῃ</span> <span class='ocrx_word' id='word_1_198' title='bbox 1603 1806 1773 1879; x_wconf 57' lang='grc' dir='ltr'>αἱΓῦῑῑῑέίθθίθ</span> <span class='ocrx_word' id='word_1_199' title='bbox 1784 1826 1829 1862; x_wconf 78' lang='lat'>⁵¹¹·</span> 
     </span>
     <span class='ocr_line' id='line_1_18' title="bbox 224 1899 1458 1978; baseline 0.003 -29"><span class='ocrx_word' id='word_1_200' title='bbox 224 1900 308 1978; x_wconf 70' lang='grc' dir='ltr'>πέριξ,</span> <span class='ocrx_word' id='word_1_201' title='bbox 1045 1899 1158 1967; x_wconf 62' lang='lat' dir='ltr'>perficio.</span> <span class='ocrx_word' id='word_1_202' title='bbox 1168 1946 1170 1951; x_wconf 95' lang='lat'><em>.</em></span> <span class='ocrx_word' id='word_1_203' title='bbox 1456 1968 1458 1973; x_wconf 25' lang='grc' dir='ltr'>Ι</span> 
     </span>
    </p>

    <p class='ocr_par' dir='ltr' id='par_1_10' title="bbox 221 1980 1830 3020">
     <span class='ocr_line' id='line_1_19' title="bbox 265 1980 1830 2069; baseline 0.004 -23"><span class='ocrx_word' id='word_1_204' title='bbox 265 2010 291 2046; x_wconf 75' lang='grc' dir='ltr'>ιο</span> <span class='ocrx_word' id='word_1_205' title='bbox 309 1986 375 2048; x_wconf 67' lang='grc' dir='ltr'>Ὀτι</span> <span class='ocrx_word' id='word_1_206' title='bbox 390 1991 536 2055; x_wconf 79' lang='grc' dir='ltr'>ἀνελθόντες</span> <span class='ocrx_word' id='word_1_207' title='bbox 544 1987 610 2055; x_wconf 87' lang='grc' dir='ltr'>τινές</span> <span class='ocrx_word' id='word_1_208' title='bbox 623 1992 658 2055; x_wconf 86' lang='grc' dir='ltr'>είς</span> <span class='ocrx_word' id='word_1_209' title='bbox 669 1987 715 2059; x_wconf 71' lang='grc' dir='ltr'>τὴν</span> <span class='ocrx_word' id='word_1_210' title='bbox 729 1988 824 2060; x_wconf 81' lang='grc' dir='ltr'>Ἀίτνην</span> <span class='ocrx_word' id='word_1_211' title='bbox 836 1980 903 2049; x_wconf 81' lang='grc' dir='ltr'>εἶδον</span> <span class='ocrx_word' id='word_1_212' title='bbox 914 1993 1001 2051; x_wconf 88' lang='grc' dir='ltr'>πεδίον</span> <span class='ocrx_word' id='word_1_213' title='bbox 1082 1994 1125 2049; x_wconf 82' lang='lat'>30.</span> <span class='ocrx_word' id='word_1_214' title='bbox 1144 1996 1269 2049; x_wconf 85' lang='lat' dir='ltr'><strong>Nonnulli</strong></span> <span class='ocrx_word' id='word_1_215' title='bbox 1281 1994 1384 2049; x_wconf 87' lang='lat' dir='ltr'>AEtnam</span> <span class='ocrx_word' id='word_1_216' title='bbox 1397 1996 1599 2050; x_wconf 82' lang='lat' dir='ltr'>conscendentes</span> <span class='ocrx_word' id='word_1_217' title='bbox 1617 2016 1741 2069; x_wconf 89' lang='lat' dir='ltr'>campum</span> <span class='ocrx_word' id='word_1_218' title='bbox 1755 2002 1830 2053; x_wconf 85' lang='lat' dir='ltr'>ride·</span> 
     </span>
     <span class='ocr_line' id='line_1_20' title="bbox 224 2074 1829 2155; baseline 0.006 -24"><span class='ocrx_word' id='word_1_219' title='bbox 224 2074 381 2153; x_wconf 83' lang='grc' dir='ltr'>θερμότατον</span> <span class='ocrx_word' id='word_1_220' title='bbox 402 2077 529 2155; x_wconf 78' lang='grc' dir='ltr'>τερρῶδες</span> <span class='ocrx_word' id='word_1_221' title='bbox 550 2076 594 2134; x_wconf 85' lang='grc' dir='ltr'>καί</span> <span class='ocrx_word' id='word_1_222' title='bbox 612 2078 639 2134; x_wconf 85' lang='grc' dir='ltr'>ἐν</span> <span class='ocrx_word' id='word_1_223' title='bbox 662 2076 734 2154; x_wconf 87' lang='grc' dir='ltr'>μέσῳ</span> <span class='ocrx_word' id='word_1_224' title='bbox 749 2076 848 2153; x_wconf 86' lang='grc' dir='ltr'>βουνδν,</span> <span class='ocrx_word' id='word_1_225' title='bbox 863 2078 908 2137; x_wconf 85' lang='grc' dir='ltr'>καί</span> <span class='ocrx_word' id='word_1_226' title='bbox 923 2080 1001 2137; x_wconf 86' lang='grc' dir='ltr'>αὐτὸν</span> <span class='ocrx_word' id='word_1_227' title='bbox 1047 2093 1110 2134; x_wconf 89' lang='lat' dir='ltr'>runt</span> <span class='ocrx_word' id='word_1_228' title='bbox 1129 2082 1329 2147; x_wconf 87' lang='lat' dir='ltr'>calidissimum,</span> <span class='ocrx_word' id='word_1_229' title='bbox 1344 2084 1474 2135; x_wconf 80' lang='lat' dir='ltr'>cineribus</span> <span class='ocrx_word' id='word_1_230' title='bbox 1493 2084 1641 2155; x_wconf 78' lang='lat' dir='ltr'>oppletum,</span> <span class='ocrx_word' id='word_1_231' title='bbox 1654 2096 1680 2138; x_wconf 90' lang='lat' dir='ltr'>et</span> <span class='ocrx_word' id='word_1_232' title='bbox 1695 2088 1722 2139; x_wconf 92' lang='lat' dir='ltr'>in</span> <span class='ocrx_word' id='word_1_233' title='bbox 1738 2088 1829 2141; x_wconf 86' lang='lat' dir='ltr'>medio</span> 
     </span>
     <span class='ocr_line' id='line_1_21' title="bbox 222 2161 1828 2243; baseline 0.007 -27"><span class='ocrx_word' id='word_1_234' title='bbox 222 2161 359 2239; x_wconf 83' lang='grc' dir='ltr'>τερρώδη,</span> <span class='ocrx_word' id='word_1_235' title='bbox 379 2161 423 2219; x_wconf 87' lang='grc' dir='ltr'>καί</span> <span class='ocrx_word' id='word_1_236' title='bbox 445 2161 471 2228; x_wconf 82' lang='grc' dir='ltr'>ἐξ</span> <span class='ocrx_word' id='word_1_237' title='bbox 492 2164 572 2219; x_wconf 69' lang='grc' dir='ltr'>αὐτοῦ</span> <span class='ocrx_word' id='word_1_238' title='bbox 592 2163 690 2221; x_wconf 89' lang='grc' dir='ltr'>καπνδν</span> <span class='ocrx_word' id='word_1_239' title='bbox 712 2162 785 2238; x_wconf 81' lang='grc' dir='ltr'>ὀρθὸν</span> <span class='ocrx_word' id='word_1_240' title='bbox 810 2162 915 2221; x_wconf 80' lang='grc' dir='ltr'>ἀνιόντα</span> <span class='ocrx_word' id='word_1_241' title='bbox 938 2165 1001 2222; x_wconf 84' lang='grc' dir='ltr'>ὡσεὶ</span> <span class='ocrx_word' id='word_1_242' title='bbox 1046 2168 1153 2232; x_wconf 86' lang='lat' dir='ltr'>coiiem,</span> <span class='ocrx_word' id='word_1_243' title='bbox 1166 2169 1212 2239; x_wconf 91' lang='lat' dir='ltr'>qui</span> <span class='ocrx_word' id='word_1_244' title='bbox 1225 2180 1251 2222; x_wconf 88' lang='lat' dir='ltr'>et</span> <span class='ocrx_word' id='word_1_245' title='bbox 1269 2171 1323 2240; x_wconf 90' lang='lat' dir='ltr'>ipse</span> <span class='ocrx_word' id='word_1_246' title='bbox 1336 2168 1467 2221; x_wconf 79' lang='lat' dir='ltr'>cineribus</span> <span class='ocrx_word' id='word_1_247' title='bbox 1482 2180 1537 2222; x_wconf 85' lang='lat' dir='ltr'>emt</span> <span class='ocrx_word' id='word_1_248' title='bbox 1554 2170 1670 2235; x_wconf 88' lang='lat' dir='ltr'>obsitus,</span> <span class='ocrx_word' id='word_1_249' title='bbox 1686 2191 1701 2225; x_wconf 89' lang='lat' dir='ltr'>e</span> <span class='ocrx_word' id='word_1_250' title='bbox 1716 2190 1772 2243; x_wconf 88' lang='lat' dir='ltr'>qno</span> <span class='ocrx_word' id='word_1_251' title='bbox 1786 2176 1828 2227; x_wconf 82' lang='lat' dir='ltr'>iu·</span> 
     </span>
     <span class='ocr_line' id='line_1_22' title="bbox 223 2240 1829 2330; baseline 0.006 -26"><span class='ocrx_word' id='word_1_252' title='bbox 223 2249 309 2305; x_wconf 86' lang='grc' dir='ltr'>ποδῶν</span> <span class='ocrx_word' id='word_1_253' title='bbox 327 2246 361 2323; x_wconf 86' lang='grc' dir='ltr'>α’,</span> <span class='ocrx_word' id='word_1_254' title='bbox 374 2249 497 2323; x_wconf 86' lang='grc' dir='ltr'>νηνεμίας</span> <span class='ocrx_word' id='word_1_255' title='bbox 517 2248 611 2320; x_wconf 87' lang='grc' dir='ltr'>ούοης·</span> <span class='ocrx_word' id='word_1_256' title='bbox 628 2250 672 2305; x_wconf 83' lang='grc' dir='ltr'>καί</span> <span class='ocrx_word' id='word_1_257' title='bbox 689 2248 797 2307; x_wconf 87' lang='grc' dir='ltr'>είκασαν</span> <span class='ocrx_word' id='word_1_258' title='bbox 813 2240 879 2308; x_wconf 74' lang='grc' dir='ltr'>εἶναι</span> <span class='ocrx_word' id='word_1_259' title='bbox 902 2250 1000 2308; x_wconf 85' lang='grc' dir='ltr'>καπνὸν</span> <span class='ocrx_word' id='word_1_260' title='bbox 1046 2271 1104 2307; x_wconf 87' lang='lat' dir='ltr'>mus</span> <span class='ocrx_word' id='word_1_261' title='bbox 1118 2266 1203 2309; x_wconf 90' lang='lat' dir='ltr'>rectus</span> <span class='ocrx_word' id='word_1_262' title='bbox 1217 2255 1332 2308; x_wconf 82' lang='lat' dir='ltr'>ascendit</span> <span class='ocrx_word' id='word_1_263' title='bbox 1349 2254 1382 2307; x_wconf 88' lang='lat' dir='ltr'>ad</span> <span class='ocrx_word' id='word_1_264' title='bbox 1396 2254 1474 2326; x_wconf 88' lang='lat' dir='ltr'>pedes</span> <span class='ocrx_word' id='word_1_265' title='bbox 1487 2273 1568 2325; x_wconf 86' lang='lat' dir='ltr'>usque</span> <span class='ocrx_word' id='word_1_266' title='bbox 1580 2256 1722 2321; x_wconf 80' lang='lat' dir='ltr'>ducentos,</span> <span class='ocrx_word' id='word_1_267' title='bbox 1741 2279 1829 2330; x_wconf 86' lang='lat' dir='ltr'>quum</span> 
     </span>
     <span class='ocr_line' id='line_1_23' title="bbox 223 2333 1829 2415; baseline 0.007 -26"><span class='ocrx_word' id='word_1_268' title='bbox 223 2334 269 2390; x_wconf 81' lang='grc' dir='ltr'>καί</span> <span class='ocrx_word' id='word_1_269' title='bbox 288 2334 396 2411; x_wconf 72' lang='grc' dir='ltr'>φύσημα</span> <span class='ocrx_word' id='word_1_270' title='bbox 415 2340 461 2393; x_wconf 80' lang='grc' dir='ltr'>τοῦ</span> <span class='ocrx_word' id='word_1_271' title='bbox 476 2338 621 2411; x_wconf 72' lang='grc' dir='ltr'>κρατῆρος·</span> <span class='ocrx_word' id='word_1_272' title='bbox 636 2333 681 2392; x_wconf 86' lang='grc' dir='ltr'>καί</span> <span class='ocrx_word' id='word_1_273' title='bbox 695 2340 741 2392; x_wconf 80' lang='grc' dir='ltr'>τοῦ</span> <span class='ocrx_word' id='word_1_274' title='bbox 756 2336 894 2413; x_wconf 74' lang='grc' dir='ltr'>λεγομένω</span> <span class='ocrx_word' id='word_1_275' title='bbox 910 2338 1001 2413; x_wconf 76' lang='grc' dir='ltr'>διηγή·</span> <span class='ocrx_word' id='word_1_276' title='bbox 1047 2344 1218 2415; x_wconf 83' lang='lat' dir='ltr'>tranquillitas</span> <span class='ocrx_word' id='word_1_277' title='bbox 1231 2354 1313 2407; x_wconf 87' lang='lat' dir='ltr'>esset,</span> <span class='ocrx_word' id='word_1_278' title='bbox 1328 2336 1547 2414; x_wconf 81' lang='lat' dir='ltr'>conjeceruntque</span> <span class='ocrx_word' id='word_1_279' title='bbox 1566 2344 1666 2397; x_wconf 79' lang='lat' dir='ltr'>fumum</span> <span class='ocrx_word' id='word_1_280' title='bbox 1681 2346 1754 2399; x_wconf 85' lang='lat' dir='ltr'>iilum</span> <span class='ocrx_word' id='word_1_281' title='bbox 1771 2367 1829 2401; x_wconf 81' lang='lat' dir='ltr'>esse</span> 
     </span>
     <span class='ocr_line' id='line_1_24' title="bbox 224 2419 1829 2501; baseline 0.007 -26"><span class='ocrx_word' id='word_1_282' title='bbox 224 2442 305 2493; x_wconf 84' lang='grc' dir='ltr'>ματος</span> <span class='ocrx_word' id='word_1_283' title='bbox 320 2423 381 2499; x_wconf 83' lang='grc' dir='ltr'>περί</span> <span class='ocrx_word' id='word_1_284' title='bbox 403 2419 612 2497; x_wconf 71' lang='grc' dir='ltr'>Ἐμπεδοκλέους</span> <span class='ocrx_word' id='word_1_285' title='bbox 626 2419 805 2495; x_wconf 85' lang='grc' dir='ltr'>ἐμνήσθησαν,</span> <span class='ocrx_word' id='word_1_286' title='bbox 820 2422 860 2479; x_wconf 76' lang='grc' dir='ltr'>ότι</span> <span class='ocrx_word' id='word_1_287' title='bbox 879 2428 999 2500; x_wconf 80' lang='grc' dir='ltr'>ἡχαλκῆ</span> <span class='ocrx_word' id='word_1_288' title='bbox 1047 2440 1073 2482; x_wconf 90' lang='lat' dir='ltr'>et</span> <span class='ocrx_word' id='word_1_289' title='bbox 1092 2430 1350 2500; x_wconf 89' lang='lat' dir='ltr'>spiritumecratcre</span> <span class='ocrx_word' id='word_1_290' title='bbox 1363 2429 1503 2483; x_wconf 81' lang='lat' dir='ltr'>sublatum.</span> <span class='ocrx_word' id='word_1_291' title='bbox 1540 2430 1574 2481; x_wconf 89' lang='lat' dir='ltr'>Et</span> <span class='ocrx_word' id='word_1_292' title='bbox 1585 2429 1700 2484; x_wconf 82' lang='lat' dir='ltr'>historiae</span> <span class='ocrx_word' id='word_1_293' title='bbox 1716 2448 1778 2501; x_wconf 79' lang='lat' dir='ltr'>quae</span> <span class='ocrx_word' id='word_1_294' title='bbox 1794 2434 1829 2487; x_wconf 85' lang='lat' dir='ltr'>de</span> 
     </span>
     <span class='ocr_line' id='line_1_25' title="bbox 222 2506 1829 2585; baseline 0.003 -22"><span class='ocrx_word' id='word_1_295' title='bbox 222 2508 318 2583; x_wconf 81' lang='grc' dir='ltr'>κρηπίς</span> <span class='ocrx_word' id='word_1_296' title='bbox 328 2510 409 2565; x_wconf 83' lang='grc' dir='ltr'>αὐτοῦ</span> <span class='ocrx_word' id='word_1_297' title='bbox 423 2511 514 2585; x_wconf 80' lang='grc' dir='ltr'>εὑρέθη</span> <span class='ocrx_word' id='word_1_298' title='bbox 527 2507 719 2585; x_wconf 80' lang='grc' dir='ltr'>ἐκρυσηθεῖοα,</span> <span class='ocrx_word' id='word_1_299' title='bbox 730 2506 773 2565; x_wconf 80' lang='grc' dir='ltr'>ότι</span> <span class='ocrx_word' id='word_1_300' title='bbox 782 2510 857 2573; x_wconf 80' lang='grc' dir='ltr'>αὐτὸς</span> <span class='ocrx_word' id='word_1_301' title='bbox 868 2511 1001 2577; x_wconf 78' lang='grc' dir='ltr'>καθήλατο</span> <span class='ocrx_word' id='word_1_302' title='bbox 1046 2512 1203 2583; x_wconf 88' lang='lat' dir='ltr'>Empedocic</span> <span class='ocrx_word' id='word_1_303' title='bbox 1220 2512 1301 2566; x_wconf 79' lang='lat' dir='ltr'>fertur</span> <span class='ocrx_word' id='word_1_304' title='bbox 1317 2515 1506 2575; x_wconf 88' lang='lat' dir='ltr'>meminerunt,</span> <span class='ocrx_word' id='word_1_305' title='bbox 1518 2510 1589 2582; x_wconf 89' lang='lat' dir='ltr'>quod</span> <span class='ocrx_word' id='word_1_306' title='bbox 1608 2530 1672 2566; x_wconf 76' lang='lat' dir='ltr'>eres</span> <span class='ocrx_word' id='word_1_307' title='bbox 1693 2512 1750 2583; x_wconf 88' lang='lat' dir='ltr'>ejus</span> <span class='ocrx_word' id='word_1_308' title='bbox 1769 2534 1829 2576; x_wconf 78' lang='lat' dir='ltr'>cre-</span> 
     </span>
     <span class='ocr_line' id='line_1_26' title="bbox 223 2594 1830 2672; baseline 0.001 -21"><span class='ocrx_word' id='word_1_309' title='bbox 223 2597 260 2659; x_wconf 86' lang='grc' dir='ltr'>ιίς</span> <span class='ocrx_word' id='word_1_310' title='bbox 277 2595 322 2651; x_wconf 83' lang='grc' dir='ltr'>τὸν</span> <span class='ocrx_word' id='word_1_311' title='bbox 343 2598 472 2672; x_wconf 75' lang='grc' dir='ltr'>κρατῆρα.</span> <span class='ocrx_word' id='word_1_312' title='bbox 515 2594 595 2653; x_wconf 74' lang='grc' dir='ltr'>Ἀλλὰ</span> <span class='ocrx_word' id='word_1_313' title='bbox 611 2594 639 2651; x_wconf 85' lang='grc' dir='ltr'>τὸ</span> <span class='ocrx_word' id='word_1_314' title='bbox 653 2594 700 2668; x_wconf 80' lang='grc' dir='ltr'>μὲν</span> <span class='ocrx_word' id='word_1_315' title='bbox 724 2594 868 2651; x_wconf 80' lang='grc' dir='ltr'>ἐπιλείπειν</span> <span class='ocrx_word' id='word_1_316' title='bbox 890 2595 953 2652; x_wconf 83' lang='grc' dir='ltr'>ποτέ</span> <span class='ocrx_word' id='word_1_317' title='bbox 970 2596 1001 2655; x_wconf 88' lang='grc' dir='ltr'>τὸ</span> <span class='ocrx_word' id='word_1_318' title='bbox 1046 2594 1122 2669; x_wconf 87' lang='lat' dir='ltr'>pida,</span> <span class='ocrx_word' id='word_1_319' title='bbox 1136 2616 1218 2670; x_wconf 90' lang='lat' dir='ltr'>quum</span> <span class='ocrx_word' id='word_1_320' title='bbox 1240 2601 1294 2669; x_wconf 87' lang='lat' dir='ltr'>ipse</span> <span class='ocrx_word' id='word_1_321' title='bbox 1315 2618 1342 2651; x_wconf 88' lang='lat' dir='ltr'>se</span> <span class='ocrx_word' id='word_1_322' title='bbox 1358 2602 1385 2651; x_wconf 92' lang='lat' dir='ltr'>in</span> <span class='ocrx_word' id='word_1_323' title='bbox 1403 2610 1529 2652; x_wconf 82' lang='lat' dir='ltr'>craterem</span> <span class='ocrx_word' id='word_1_324' title='bbox 1541 2598 1694 2664; x_wconf 80' lang='lat' dir='ltr'>dimisisset,</span> <span class='ocrx_word' id='word_1_325' title='bbox 1711 2605 1735 2654; x_wconf 85' lang='lat' dir='ltr'>ri</span> <span class='ocrx_word' id='word_1_326' title='bbox 1758 2604 1830 2669; x_wconf 67' lang='lat' dir='ltr'>ignis</span> 
     </span>
     <span class='ocr_line' id='line_1_27' title="bbox 221 2679 1830 2758; baseline 0 -19"><span class='ocrx_word' id='word_1_327' title='bbox 221 2686 275 2758; x_wconf 78' lang='grc' dir='ltr'>πῦρ</span> <span class='ocrx_word' id='word_1_328' title='bbox 298 2682 343 2739; x_wconf 82' lang='grc' dir='ltr'>καί</span> <span class='ocrx_word' id='word_1_329' title='bbox 362 2681 396 2737; x_wconf 78' lang='grc' dir='ltr'>τί</span> <span class='ocrx_word' id='word_1_330' title='bbox 415 2679 569 2755; x_wconf 88' lang='grc' dir='ltr'>πνεύματα,</span> <span class='ocrx_word' id='word_1_331' title='bbox 586 2679 769 2751; x_wconf 86' lang='grc' dir='ltr'>ἐπιλειπούσης</span> <span class='ocrx_word' id='word_1_332' title='bbox 793 2685 838 2750; x_wconf 73' lang='grc' dir='ltr'>τῆς</span> <span class='ocrx_word' id='word_1_333' title='bbox 858 2681 938 2751; x_wconf 87' lang='grc' dir='ltr'>ύλης,</span> <span class='ocrx_word' id='word_1_334' title='bbox 954 2684 1000 2741; x_wconf 81' lang='grc' dir='ltr'>οὐκ</span> <span class='ocrx_word' id='word_1_335' title='bbox 1045 2682 1252 2754; x_wconf 82' lang='lat' dir='ltr'>ejecte,inventn</span> <span class='ocrx_word' id='word_1_336' title='bbox 1262 2685 1303 2736; x_wconf 91' lang='lat' dir='ltr'>sit.</span> <span class='ocrx_word' id='word_1_337' title='bbox 1342 2684 1458 2737; x_wconf 86' lang='lat' dir='ltr'>Deficere</span> <span class='ocrx_word' id='word_1_338' title='bbox 1471 2696 1557 2738; x_wconf 90' lang='lat' dir='ltr'>autem</span> <span class='ocrx_word' id='word_1_339' title='bbox 1569 2686 1655 2755; x_wconf 88' lang='lat' dir='ltr'>ignem</span> <span class='ocrx_word' id='word_1_340' title='bbox 1666 2686 1830 2757; x_wconf 77' lang='lat' dir='ltr'>quandoque</span> 
     </span>
     <span class='ocr_line' id='line_1_28' title="bbox 222 2766 1829 2843; baseline 0 -18"><span class='ocrx_word' id='word_1_341' title='bbox 222 2770 327 2839; x_wconf 79' lang='grc' dir='ltr'>ἄλογον·</span> <span class='ocrx_word' id='word_1_342' title='bbox 344 2769 374 2825; x_wconf 84' lang='grc' dir='ltr'>ού</span> <span class='ocrx_word' id='word_1_343' title='bbox 397 2768 449 2843; x_wconf 72' lang='grc' dir='ltr'>μὴν</span> <span class='ocrx_word' id='word_1_344' title='bbox 463 2767 507 2826; x_wconf 82' lang='grc' dir='ltr'>ἐπί</span> <span class='ocrx_word' id='word_1_345' title='bbox 521 2766 643 2826; x_wconf 78' lang='grc' dir='ltr'>τοσοῦτόν</span> <span class='ocrx_word' id='word_1_346' title='bbox 656 2790 702 2843; x_wconf 88' lang='grc' dir='ltr'>γε,</span> <span class='ocrx_word' id='word_1_347' title='bbox 721 2766 787 2825; x_wconf 83' lang='grc' dir='ltr'>ὥστε</span> <span class='ocrx_word' id='word_1_348' title='bbox 812 2768 869 2824; x_wconf 81' lang='grc' dir='ltr'>ἀντὶ</span> <span class='ocrx_word' id='word_1_349' title='bbox 892 2772 940 2836; x_wconf 73' lang='grc' dir='ltr'>τῆς</span> <span class='ocrx_word' id='word_1_350' title='bbox 957 2792 999 2827; x_wconf 94' lang='grc' dir='ltr'>το-</span> <span class='ocrx_word' id='word_1_351' title='bbox 1045 2772 1203 2841; x_wconf 85' lang='lat' dir='ltr'>etspiritus,</span> <span class='ocrx_word' id='word_1_352' title='bbox 1216 2772 1318 2841; x_wconf 87' lang='lat' dir='ltr'>quotics</span> <span class='ocrx_word' id='word_1_353' title='bbox 1336 2772 1444 2823; x_wconf 80' lang='lat' dir='ltr'>materia</span> <span class='ocrx_word' id='word_1_354' title='bbox 1458 2769 1576 2833; x_wconf 89' lang='lat' dir='ltr'>deficiat,</span> <span class='ocrx_word' id='word_1_355' title='bbox 1592 2770 1686 2823; x_wconf 85' lang='lat' dir='ltr'>rationi</span> <span class='ocrx_word' id='word_1_356' title='bbox 1703 2790 1756 2823; x_wconf 87' lang='lat' dir='ltr'>nnn</span> <span class='ocrx_word' id='word_1_357' title='bbox 1781 2776 1829 2825; x_wconf 86' lang='lat' dir='ltr'>ab·</span> 
     </span>
     <span class='ocr_line' id='line_1_29' title="bbox 222 2852 1827 2932; baseline 0.002 -21"><span class='ocrx_word' id='word_1_358' title='bbox 222 2852 319 2925; x_wconf 87' lang='grc' dir='ltr'>σαύτης</span> <span class='ocrx_word' id='word_1_359' title='bbox 344 2853 402 2930; x_wconf 80' lang='grc' dir='ltr'>βίας</span> <span class='ocrx_word' id='word_1_360' title='bbox 424 2852 526 2932; x_wconf 79' lang='grc' dir='ltr'>ἐφικτὸν</span> <span class='ocrx_word' id='word_1_361' title='bbox 542 2852 672 2932; x_wconf 81' lang='grc' dir='ltr'>ἀνθρώπῳ</span> <span class='ocrx_word' id='word_1_362' title='bbox 689 2853 807 2926; x_wconf 85' lang='grc' dir='ltr'>γενέσθαι</span> <span class='ocrx_word' id='word_1_363' title='bbox 824 2853 868 2911; x_wconf 84' lang='grc' dir='ltr'>τδν</span> <span class='ocrx_word' id='word_1_364' title='bbox 882 2855 999 2925; x_wconf 83' lang='grc' dir='ltr'>πλησια-</span> <span class='ocrx_word' id='word_1_365' title='bbox 1046 2875 1155 2923; x_wconf 90' lang='lat' dir='ltr'>sonum,</span> <span class='ocrx_word' id='word_1_366' title='bbox 1173 2876 1226 2911; x_wconf 83' lang='lat' dir='ltr'>rien</span> <span class='ocrx_word' id='word_1_367' title='bbox 1241 2876 1323 2928; x_wconf 91' lang='lat' dir='ltr'>usquc</span> <span class='ocrx_word' id='word_1_368' title='bbox 1341 2858 1407 2911; x_wconf 83' lang='lat' dir='ltr'>adeo</span> <span class='ocrx_word' id='word_1_369' title='bbox 1421 2869 1507 2911; x_wconf 88' lang='lat' dir='ltr'>tamen</span> <span class='ocrx_word' id='word_1_370' title='bbox 1523 2869 1553 2909; x_wconf 93' lang='lat' dir='ltr'>ut</span> <span class='ocrx_word' id='word_1_371' title='bbox 1572 2870 1662 2911; x_wconf 78' lang='lat' dir='ltr'>contra</span> <span class='ocrx_word' id='word_1_372' title='bbox 1678 2862 1754 2912; x_wconf 86' lang='lat' dir='ltr'>istam</span> <span class='ocrx_word' id='word_1_373' title='bbox 1771 2863 1827 2915; x_wconf 80' lang='lat' dir='ltr'>rim</span> 
     </span>
     <span class='ocr_line' id='line_1_30' title="bbox 221 2932 1829 3020; baseline 0 -21"><span class='ocrx_word' id='word_1_374' title='bbox 221 2941 300 3016; x_wconf 86' lang='grc' dir='ltr'>σμόν.</span> <span class='ocrx_word' id='word_1_375' title='bbox 342 2941 456 3020; x_wconf 87' lang='grc' dir='ltr'>Νύκτωρ</span> <span class='ocrx_word' id='word_1_376' title='bbox 480 2938 528 3015; x_wconf 77' lang='grc' dir='ltr'>μὲν</span> <span class='ocrx_word' id='word_1_377' title='bbox 542 2932 585 2996; x_wconf 81' lang='grc' dir='ltr'>σύν</span> <span class='ocrx_word' id='word_1_378' title='bbox 610 2939 692 3019; x_wconf 76' lang='grc' dir='ltr'>φέγγη</span> <span class='ocrx_word' id='word_1_379' title='bbox 712 2940 829 3019; x_wconf 79' lang='grc' dir='ltr'>φαίνεται</span> <span class='ocrx_word' id='word_1_380' title='bbox 845 2940 956 3020; x_wconf 74' lang='grc' dir='ltr'>λαμπρὰ</span> <span class='ocrx_word' id='word_1_381' title='bbox 969 2944 1000 3002; x_wconf 82' lang='grc' dir='ltr'>ἐκ</span> <span class='ocrx_word' id='word_1_382' title='bbox 1046 2944 1126 2996; x_wconf 86' lang='lat' dir='ltr'>homo</span> <span class='ocrx_word' id='word_1_383' title='bbox 1145 2944 1236 3014; x_wconf 81' lang='lat' dir='ltr'>aliquis</span> <span class='ocrx_word' id='word_1_384' title='bbox 1257 2942 1485 3014; x_wconf 72' lang='lat' dir='ltr'>accederequeat.</span> <span class='ocrx_word' id='word_1_385' title='bbox 1523 2945 1609 2997; x_wconf 88' lang='lat' dir='ltr'>Noctu</span> <span class='ocrx_word' id='word_1_386' title='bbox 1629 2945 1709 3013; x_wconf 87' lang='lat' dir='ltr'>igitur</span> <span class='ocrx_word' id='word_1_387' title='bbox 1728 2944 1793 2999; x_wconf 87' lang='lat' dir='ltr'>ciari</span> <span class='ocrx_word' id='word_1_388' title='bbox 1812 2967 1829 2999; x_wconf 87' lang='lat' dir='ltr'>e</span> 
     </span>
    </p>
   </div>
   <div class='ocr_carea' id='block_1_8' title="bbox 216 3025 1035 4937">
    <p class='ocr_par' dir='ltr' id='par_1_11' title="bbox 220 3025 999 3191">
     <span class='ocr_line' id='line_1_31' title="bbox 220 3025 999 3106; baseline 0.005 -22"><span class='ocrx_word' id='word_1_389' title='bbox 220 3033 266 3096; x_wconf 80' lang='grc' dir='ltr'>τῆς</span> <span class='ocrx_word' id='word_1_390' title='bbox 280 3031 408 3106; x_wconf 74' lang='grc' dir='ltr'>κορυφῆς,</span> <span class='ocrx_word' id='word_1_391' title='bbox 423 3028 480 3102; x_wconf 83' lang='grc' dir='ltr'>μεθ’</span> <span class='ocrx_word' id='word_1_392' title='bbox 495 3027 597 3104; x_wconf 81' lang='grc' dir='ltr'>ἡμέραν</span> <span class='ocrx_word' id='word_1_393' title='bbox 614 3025 641 3084; x_wconf 83' lang='grc' dir='ltr'>δέ</span> <span class='ocrx_word' id='word_1_394' title='bbox 655 3030 747 3104; x_wconf 81' lang='grc' dir='ltr'>καπνῷ</span> <span class='ocrx_word' id='word_1_395' title='bbox 767 3026 813 3084; x_wconf 82' lang='grc' dir='ltr'>καί</span> <span class='ocrx_word' id='word_1_396' title='bbox 828 3028 907 3106; x_wconf 84' lang='grc' dir='ltr'>ἀχλύι</span> <span class='ocrx_word' id='word_1_397' title='bbox 920 3030 999 3088; x_wconf 86' lang='grc' dir='ltr'>κατί-</span> 
     </span>
     <span class='ocr_line' id='line_1_32' title="bbox 220 3135 308 3191; baseline 0.034 -22"><span class='ocrx_word' id='word_1_398' title='bbox 220 3135 308 3191; x_wconf 85' lang='grc' dir='ltr'>χεται.</span> 
     </span>
    </p>

    <p class='ocr_par' dir='ltr' id='par_1_12' title="bbox 216 3198 1035 4937">
     <span class='ocr_line' id='line_1_33' title="bbox 260 3198 999 3276; baseline 0.001 -18"><span class='ocrx_word' id='word_1_399' title='bbox 260 3221 296 3260; x_wconf 82' lang='grc' dir='ltr'>ει.</span> <span class='ocrx_word' id='word_1_400' title='bbox 317 3198 383 3260; x_wconf 81' lang='grc' dir='ltr'>Ὅτι</span> <span class='ocrx_word' id='word_1_401' title='bbox 396 3209 470 3258; x_wconf 83' lang='grc' dir='ltr'>πᾶσα</span> <span class='ocrx_word' id='word_1_402' title='bbox 480 3204 497 3270; x_wconf 83' lang='grc' dir='ltr'>ἡ</span> <span class='ocrx_word' id='word_1_403' title='bbox 509 3200 620 3260; x_wconf 87' lang='grc' dir='ltr'>Σικελία</span> <span class='ocrx_word' id='word_1_404' title='bbox 631 3199 705 3269; x_wconf 87' lang='grc' dir='ltr'>κοίλη</span> <span class='ocrx_word' id='word_1_405' title='bbox 720 3198 788 3258; x_wconf 79' lang='grc' dir='ltr'>κατὰ</span> <span class='ocrx_word' id='word_1_406' title='bbox 800 3203 847 3276; x_wconf 75' lang='grc' dir='ltr'>γῆς</span> <span class='ocrx_word' id='word_1_407' title='bbox 862 3202 930 3272; x_wconf 88' lang='grc' dir='ltr'>εὀτι,</span> <span class='ocrx_word' id='word_1_408' title='bbox 945 3224 999 3260; x_wconf 87' lang='grc' dir='ltr'>πο-</span> 
     </span>
     <span class='ocr_line' id='line_1_34' title="bbox 220 3284 997 3366; baseline 0 -20"><span class='ocrx_word' id='word_1_409' title='bbox 220 3291 311 3361; x_wconf 86' lang='grc' dir='ltr'>ταμῶν</span> <span class='ocrx_word' id='word_1_410' title='bbox 325 3287 370 3344; x_wconf 83' lang='grc' dir='ltr'>καί</span> <span class='ocrx_word' id='word_1_411' title='bbox 384 3285 463 3366; x_wconf 85' lang='grc' dir='ltr'>πυρδς</span> <span class='ocrx_word' id='word_1_412' title='bbox 476 3286 579 3362; x_wconf 72' lang='grc' dir='ltr'>μεστὴ,</span> <span class='ocrx_word' id='word_1_413' title='bbox 597 3285 715 3364; x_wconf 85' lang='grc' dir='ltr'>καθάπερ</span> <span class='ocrx_word' id='word_1_414' title='bbox 729 3284 760 3343; x_wconf 84' lang='grc' dir='ltr'>τὸ</span> <span class='ocrx_word' id='word_1_415' title='bbox 774 3288 934 3364; x_wconf 82' lang='grc' dir='ltr'>Τυρρηνικὸν</span> <span class='ocrx_word' id='word_1_416' title='bbox 949 3287 997 3346; x_wconf 82' lang='grc' dir='ltr'>πέ-</span> 
     </span>
     <span class='ocr_line' id='line_1_35' title="bbox 220 3372 998 3453; baseline -0.003 -22"><span class='ocrx_word' id='word_1_417' title='bbox 220 3376 299 3450; x_wconf 84' lang='grc' dir='ltr'>λαγος</span> <span class='ocrx_word' id='word_1_418' title='bbox 319 3374 398 3451; x_wconf 83' lang='grc' dir='ltr'>μέχρι</span> <span class='ocrx_word' id='word_1_419' title='bbox 420 3378 466 3440; x_wconf 80' lang='grc' dir='ltr'>τῆς</span> <span class='ocrx_word' id='word_1_420' title='bbox 484 3374 620 3450; x_wconf 86' lang='grc' dir='ltr'>Ιίυμαίας·</span> <span class='ocrx_word' id='word_1_421' title='bbox 632 3372 676 3430; x_wconf 84' lang='grc' dir='ltr'>καί</span> <span class='ocrx_word' id='word_1_422' title='bbox 691 3377 785 3453; x_wconf 83' lang='grc' dir='ltr'>θερμοῦ</span> <span class='ocrx_word' id='word_1_423' title='bbox 807 3372 900 3440; x_wconf 79' lang='grc' dir='ltr'>ὕδατος</span> <span class='ocrx_word' id='word_1_424' title='bbox 914 3375 998 3449; x_wconf 80' lang='grc' dir='ltr'>μεστή</span> 
     </span>
     <span class='ocr_line' id='line_1_36' title="bbox 220 3457 997 3540; baseline 0.003 -24"><span class='ocrx_word' id='word_1_425' title='bbox 220 3463 286 3521; x_wconf 82' lang='grc' dir='ltr'>ἐστι.</span> <span class='ocrx_word' id='word_1_426' title='bbox 330 3461 396 3539; x_wconf 82' lang='grc' dir='ltr'>Περὶ</span> <span class='ocrx_word' id='word_1_427' title='bbox 419 3460 446 3519; x_wconf 75' lang='grc' dir='ltr'>δὲ</span> <span class='ocrx_word' id='word_1_428' title='bbox 472 3460 634 3540; x_wconf 77' lang='grc' dir='ltr'>Ἀκράγαντα</span> <span class='ocrx_word' id='word_1_429' title='bbox 656 3457 747 3534; x_wconf 81' lang='grc' dir='ltr'>λίμναι</span> <span class='ocrx_word' id='word_1_430' title='bbox 768 3458 816 3530; x_wconf 71' lang='grc' dir='ltr'>τὴν</span> <span class='ocrx_word' id='word_1_431' title='bbox 841 3457 887 3535; x_wconf 79' lang='grc' dir='ltr'>μὲν</span> <span class='ocrx_word' id='word_1_432' title='bbox 910 3465 997 3536; x_wconf 77' lang='grc' dir='ltr'>γεῦσιν</span> 
     </span>
     <span class='ocr_line' id='line_1_37' title="bbox 219 3548 997 3629; baseline 0.004 -24"><span class='ocrx_word' id='word_1_433' title='bbox 219 3548 308 3627; x_wconf 81' lang='grc' dir='ltr'>ἔχουσι</span> <span class='ocrx_word' id='word_1_434' title='bbox 329 3550 474 3621; x_wconf 81' lang='grc' dir='ltr'>θαλάττης,</span> <span class='ocrx_word' id='word_1_435' title='bbox 491 3551 538 3620; x_wconf 79' lang='grc' dir='ltr'>τὴν</span> <span class='ocrx_word' id='word_1_436' title='bbox 563 3551 589 3607; x_wconf 88' lang='grc' dir='ltr'>δὲ</span> <span class='ocrx_word' id='word_1_437' title='bbox 615 3549 690 3628; x_wconf 80' lang='grc' dir='ltr'>φύσιν</span> <span class='ocrx_word' id='word_1_438' title='bbox 716 3548 846 3629; x_wconf 74' lang='grc' dir='ltr'>διάφορον·</span> <span class='ocrx_word' id='word_1_439' title='bbox 868 3550 925 3608; x_wconf 78' lang='grc' dir='ltr'>οὐδὲ</span> <span class='ocrx_word' id='word_1_440' title='bbox 946 3551 997 3629; x_wconf 80' lang='grc' dir='ltr'>γὰρ</span> 
     </span>
     <span class='ocr_line' id='line_1_38' title="bbox 219 3635 1035 3716; baseline 0.001 -22"><span class='ocrx_word' id='word_1_441' title='bbox 219 3642 271 3702; x_wconf 83' lang='grc' dir='ltr'>τοῖς</span> <span class='ocrx_word' id='word_1_442' title='bbox 286 3638 445 3713; x_wconf 75' lang='grc' dir='ltr'>οὶκολύμόοις</span> <span class='ocrx_word' id='word_1_443' title='bbox 461 3638 631 3716; x_wconf 83' lang='grc' dir='ltr'>βαπτίζεσθαι</span> <span class='ocrx_word' id='word_1_444' title='bbox 646 3635 799 3712; x_wconf 83' lang='grc' dir='ltr'>συμόαίνει,</span> <span class='ocrx_word' id='word_1_445' title='bbox 811 3635 892 3704; x_wconf 82' lang='grc' dir='ltr'>ξύλων</span> <span class='ocrx_word' id='word_1_446' title='bbox 902 3639 997 3714; x_wconf 88' lang='grc' dir='ltr'>τρόπον</span> <span class='ocrx_word' id='word_1_447' title='bbox 1029 3686 1035 3700; x_wconf 93' lang='grc'><strong><em>.</em></strong></span> 
     </span>
     <span class='ocr_line' id='line_1_39' title="bbox 218 3721 998 3803; baseline 0.001 -21"><span class='ocrx_word' id='word_1_448' title='bbox 218 3728 431 3792; x_wconf 80' lang='grc' dir='ltr'>ἐπιπολάζουσιν·</span> <span class='ocrx_word' id='word_1_449' title='bbox 449 3729 473 3783; x_wconf 87' lang='lat' dir='ltr'>oi</span> <span class='ocrx_word' id='word_1_450' title='bbox 495 3723 608 3783; x_wconf 81' lang='grc' dir='ltr'>Παλικοί</span> <span class='ocrx_word' id='word_1_451' title='bbox 626 3724 652 3781; x_wconf 75' lang='grc' dir='ltr'>δὲ</span> <span class='ocrx_word' id='word_1_452' title='bbox 668 3728 800 3803; x_wconf 74' lang='grc' dir='ltr'>κρατῆρας</span> <span class='ocrx_word' id='word_1_453' title='bbox 814 3721 917 3801; x_wconf 83' lang='grc' dir='ltr'>ἔχουσιν</span> <span class='ocrx_word' id='word_1_454' title='bbox 934 3727 998 3783; x_wconf 81' lang='grc' dir='ltr'>ἀνα·</span> 
     </span>
     <span class='ocr_line' id='line_1_40' title="bbox 218 3810 996 3892; baseline 0 -23"><span class='ocrx_word' id='word_1_455' title='bbox 218 3811 364 3880; x_wconf 77' lang='grc' dir='ltr'>θάλλοντας</span> <span class='ocrx_word' id='word_1_456' title='bbox 389 3814 458 3892; x_wconf 87' lang='grc' dir='ltr'>ύδωρ</span> <span class='ocrx_word' id='word_1_457' title='bbox 471 3815 507 3878; x_wconf 90' lang='grc' dir='ltr'>είς</span> <span class='ocrx_word' id='word_1_458' title='bbox 522 3811 648 3876; x_wconf 84' lang='grc' dir='ltr'>θολοειδὲς</span> <span class='ocrx_word' id='word_1_459' title='bbox 670 3810 844 3890; x_wconf 80' lang='grc' dir='ltr'>ἀναρύσημα,</span> <span class='ocrx_word' id='word_1_460' title='bbox 860 3811 903 3867; x_wconf 88' lang='grc' dir='ltr'>καὶ</span> <span class='ocrx_word' id='word_1_461' title='bbox 917 3811 996 3869; x_wconf 88' lang='grc' dir='ltr'>πάλιν</span> 
     </span>
     <span class='ocr_line' id='line_1_41' title="bbox 218 3894 996 3978; baseline 0 -22"><span class='ocrx_word' id='word_1_462' title='bbox 218 3903 254 3966; x_wconf 86' lang='grc' dir='ltr'>είς</span> <span class='ocrx_word' id='word_1_463' title='bbox 276 3899 319 3958; x_wconf 85' lang='grc' dir='ltr'>τὸν</span> <span class='ocrx_word' id='word_1_464' title='bbox 335 3899 412 3958; x_wconf 79' lang='grc' dir='ltr'>αιἰτδν</span> <span class='ocrx_word' id='word_1_465' title='bbox 437 3900 590 3978; x_wconf 81' lang='grc' dir='ltr'>δεχομένους</span> <span class='ocrx_word' id='word_1_466' title='bbox 611 3896 706 3976; x_wconf 81' lang='grc' dir='ltr'>μυχόν.</span> <span class='ocrx_word' id='word_1_467' title='bbox 749 3897 788 3956; x_wconf 88' lang='grc' dir='ltr'>Τδ</span> <span class='ocrx_word' id='word_1_468' title='bbox 813 3894 839 3953; x_wconf 77' lang='grc' dir='ltr'>δὲ</span> <span class='ocrx_word' id='word_1_469' title='bbox 862 3895 921 3975; x_wconf 77' lang='grc' dir='ltr'>περὶ</span> <span class='ocrx_word' id='word_1_470' title='bbox 940 3895 996 3956; x_wconf 84' lang='grc' dir='ltr'>Μέ-</span> 
     </span>
     <span class='ocr_line' id='line_1_42' title="bbox 217 3984 996 4064; baseline -0.001 -21"><span class='ocrx_word' id='word_1_471' title='bbox 217 4010 313 4064; x_wconf 86' lang='grc' dir='ltr'>τανρον</span> <span class='ocrx_word' id='word_1_472' title='bbox 337 3987 465 4056; x_wconf 74' lang='grc' dir='ltr'>σπήλαιον</span> <span class='ocrx_word' id='word_1_473' title='bbox 491 3984 560 4051; x_wconf 87' lang='grc' dir='ltr'>ἐντδς</span> <span class='ocrx_word' id='word_1_474' title='bbox 585 3986 640 4062; x_wconf 82' lang='grc' dir='ltr'>ἔχει</span> <span class='ocrx_word' id='word_1_475' title='bbox 665 3984 774 4061; x_wconf 88' lang='grc' dir='ltr'>σύριγγα</span> <span class='ocrx_word' id='word_1_476' title='bbox 802 3985 928 4060; x_wconf 82' lang='grc' dir='ltr'>εὐμεγέθη</span> <span class='ocrx_word' id='word_1_477' title='bbox 951 3985 996 4043; x_wconf 84' lang='grc' dir='ltr'>καί</span> 
     </span>
     <span class='ocr_line' id='line_1_43' title="bbox 219 4070 997 4152; baseline -0.004 -22"><span class='ocrx_word' id='word_1_478' title='bbox 219 4075 335 4151; x_wconf 79' lang='grc' dir='ltr'>ποταμὸν</span> <span class='ocrx_word' id='word_1_479' title='bbox 349 4073 380 4130; x_wconf 88' lang='grc' dir='ltr'>δι’</span> <span class='ocrx_word' id='word_1_480' title='bbox 395 4077 474 4143; x_wconf 68' lang='grc' dir='ltr'>αὐτῆς</span> <span class='ocrx_word' id='word_1_481' title='bbox 489 4072 579 4152; x_wconf 75' lang='grc' dir='ltr'>ῥέοντα</span> <span class='ocrx_word' id='word_1_482' title='bbox 590 4075 675 4151; x_wconf 72' lang='grc' dir='ltr'>ἀφανῆ</span> <span class='ocrx_word' id='word_1_483' title='bbox 685 4070 762 4149; x_wconf 77' lang='grc' dir='ltr'>μέχρι</span> <span class='ocrx_word' id='word_1_484' title='bbox 777 4071 873 4128; x_wconf 69' lang='grc' dir='ltr'>πολλοῦ</span> <span class='ocrx_word' id='word_1_485' title='bbox 888 4070 997 4141; x_wconf 77' lang='grc' dir='ltr'>διαστή-</span> 
     </span>
     <span class='ocr_line' id='line_1_44' title="bbox 217 4151 997 4237; baseline -0.005 -19"><span class='ocrx_word' id='word_1_486' title='bbox 217 4183 315 4236; x_wconf 85' lang='grc' dir='ltr'>ματος,</span> <span class='ocrx_word' id='word_1_487' title='bbox 327 4151 383 4218; x_wconf 81' lang='grc' dir='ltr'>είτα</span> <span class='ocrx_word' id='word_1_488' title='bbox 405 4159 587 4218; x_wconf 82' lang='grc' dir='ltr'>ἀνακύπτοντα</span> <span class='ocrx_word' id='word_1_489' title='bbox 603 4158 667 4235; x_wconf 82' lang='grc' dir='ltr'>πρὸς</span> <span class='ocrx_word' id='word_1_490' title='bbox 681 4157 726 4228; x_wconf 75' lang='grc' dir='ltr'>τὴν</span> <span class='ocrx_word' id='word_1_491' title='bbox 741 4156 900 4237; x_wconf 82' lang='grc' dir='ltr'>ἐπιράνειαν·</span> <span class='ocrx_word' id='word_1_492' title='bbox 915 4157 997 4215; x_wconf 89' lang='grc' dir='ltr'>καθοί-</span> 
     </span>
     <span class='ocr_line' id='line_1_45' title="bbox 217 4242 995 4327; baseline 0 -23"><span class='ocrx_word' id='word_1_493' title='bbox 217 4271 267 4327; x_wconf 80' lang='grc' dir='ltr'>περ</span> <span class='ocrx_word' id='word_1_494' title='bbox 281 4247 406 4325; x_wconf 84' lang='grc' dir='ltr'>Ὀρόντης</span> <span class='ocrx_word' id='word_1_495' title='bbox 422 4251 448 4306; x_wconf 88' lang='grc' dir='ltr'>ἐν</span> <span class='ocrx_word' id='word_1_496' title='bbox 464 4247 567 4324; x_wconf 66' lang='grc' dir='ltr'>Συρίᾳ,</span> <span class='ocrx_word' id='word_1_497' title='bbox 582 4245 696 4311; x_wconf 81' lang='grc' dir='ltr'>καταδύς</span> <span class='ocrx_word' id='word_1_498' title='bbox 707 4249 741 4310; x_wconf 88' lang='grc' dir='ltr'>εἷς</span> <span class='ocrx_word' id='word_1_499' title='bbox 752 4245 780 4303; x_wconf 85' lang='grc' dir='ltr'>τδ</span> <span class='ocrx_word' id='word_1_500' title='bbox 795 4242 890 4320; x_wconf 75' lang='grc' dir='ltr'>μεταξὺ</span> <span class='ocrx_word' id='word_1_501' title='bbox 903 4247 995 4323; x_wconf 92' lang='grc' dir='ltr'>χάσμα</span> 
     </span>
     <span class='ocr_line' id='line_1_46' title="bbox 217 4332 995 4412; baseline -0.003 -18"><span class='ocrx_word' id='word_1_502' title='bbox 217 4335 361 4412; x_wconf 77' lang='grc' dir='ltr'>Ἀπαμείας</span> <span class='ocrx_word' id='word_1_503' title='bbox 391 4336 435 4394; x_wconf 83' lang='grc' dir='ltr'>καὶ</span> <span class='ocrx_word' id='word_1_504' title='bbox 467 4334 640 4412; x_wconf 79' lang='grc' dir='ltr'>Ἀντιοχείας,</span> <span class='ocrx_word' id='word_1_505' title='bbox 666 4333 681 4392; x_wconf 85' lang='grc' dir='ltr'>θ</span> <span class='ocrx_word' id='word_1_506' title='bbox 711 4337 819 4392; x_wconf 84' lang='grc' dir='ltr'>καλοῦσι</span> <span class='ocrx_word' id='word_1_507' title='bbox 850 4332 995 4410; x_wconf 76' lang='grc' dir='ltr'>Χάρυόδιν,</span> 
     </span>
     <span class='ocr_line' id='line_1_47' title="bbox 216 4419 996 4497; baseline 0.001 -19"><span class='ocrx_word' id='word_1_508' title='bbox 216 4423 354 4482; x_wconf 77' lang='grc' dir='ltr'>ἀνατέλλει</span> <span class='ocrx_word' id='word_1_509' title='bbox 374 4423 455 4481; x_wconf 90' lang='grc' dir='ltr'>πάλιν</span> <span class='ocrx_word' id='word_1_510' title='bbox 479 4424 505 4480; x_wconf 83' lang='grc' dir='ltr'>ἐν</span> <span class='ocrx_word' id='word_1_511' title='bbox 530 4420 559 4497; x_wconf 89' lang='grc' dir='ltr'>μ’</span> <span class='ocrx_word' id='word_1_512' title='bbox 571 4419 696 4485; x_wconf 85' lang='grc' dir='ltr'>σταδίοις.</span> <span class='ocrx_word' id='word_1_513' title='bbox 738 4419 777 4476; x_wconf 72' lang='lat' dir='ltr'>Ti</span> <span class='ocrx_word' id='word_1_514' title='bbox 792 4421 816 4476; x_wconf 83' lang='grc' dir='ltr'>δ’</span> <span class='ocrx_word' id='word_1_515' title='bbox 832 4424 910 4495; x_wconf 80' lang='grc' dir='ltr'>ὅμοια</span> <span class='ocrx_word' id='word_1_516' title='bbox 924 4421 996 4479; x_wconf 68' lang='lat' dir='ltr'>xcii</span> 
     </span>
     <span class='ocr_line' id='line_1_48' title="bbox 216 4507 995 4589; baseline -0.005 -20"><span class='ocrx_word' id='word_1_517' title='bbox 216 4510 308 4588; x_wconf 82' lang='grc' dir='ltr'>Τίγρις</span> <span class='ocrx_word' id='word_1_518' title='bbox 321 4511 347 4567; x_wconf 86' lang='grc' dir='ltr'>έν</span> <span class='ocrx_word' id='word_1_519' title='bbox 363 4514 396 4589; x_wconf 77' lang='grc' dir='ltr'>τῇ</span> <span class='ocrx_word' id='word_1_520' title='bbox 411 4509 604 4588; x_wconf 74' lang='grc' dir='ltr'>Μεσοποταμία</span> <span class='ocrx_word' id='word_1_521' title='bbox 619 4507 664 4563; x_wconf 85' lang='grc' dir='ltr'>καί</span> <span class='ocrx_word' id='word_1_522' title='bbox 679 4509 796 4572; x_wconf 83' lang='grc' dir='ltr'>δΝεῐλος</span> <span class='ocrx_word' id='word_1_523' title='bbox 813 4509 839 4563; x_wconf 82' lang='grc' dir='ltr'>ἐν</span> <span class='ocrx_word' id='word_1_524' title='bbox 853 4511 885 4584; x_wconf 77' lang='grc' dir='ltr'>τῇ</span> <span class='ocrx_word' id='word_1_525' title='bbox 899 4507 995 4588; x_wconf 82' lang='grc' dir='ltr'>Λιόύῃ,</span> 
     </span>
     <span class='ocr_line' id='line_1_49' title="bbox 218 4591 993 4677; baseline -0.008 -24"><span class='ocrx_word' id='word_1_526' title='bbox 218 4597 310 4677; x_wconf 85' lang='grc' dir='ltr'>μικρὸν</span> <span class='ocrx_word' id='word_1_527' title='bbox 324 4598 375 4675; x_wconf 86' lang='grc' dir='ltr'>πρὸ</span> <span class='ocrx_word' id='word_1_528' title='bbox 388 4602 440 4654; x_wconf 80' lang='grc' dir='ltr'>τῶν</span> <span class='ocrx_word' id='word_1_529' title='bbox 455 4598 555 4671; x_wconf 84' lang='grc' dir='ltr'>πηγῶν.</span> <span class='ocrx_word' id='word_1_530' title='bbox 579 4593 618 4654; x_wconf 80' lang='grc' dir='ltr'>Τὸ</span> <span class='ocrx_word' id='word_1_531' title='bbox 633 4594 660 4650; x_wconf 81' lang='grc' dir='ltr'>δὲ</span> <span class='ocrx_word' id='word_1_532' title='bbox 670 4595 730 4673; x_wconf 82' lang='grc' dir='ltr'>περὶ</span> <span class='ocrx_word' id='word_1_533' title='bbox 745 4591 903 4669; x_wconf 68' lang='grc' dir='ltr'>Στύμφαλον</span> <span class='ocrx_word' id='word_1_534' title='bbox 915 4592 993 4670; x_wconf 77' lang='grc' dir='ltr'>ὕδωρ,</span> 
     </span>
     <span class='ocr_line' id='line_1_50' title="bbox 219 4681 994 4762; baseline -0.001 -22"><span class='ocrx_word' id='word_1_535' title='bbox 219 4684 263 4740; x_wconf 77' lang='grc' dir='ltr'>ἐπὶ</span> <span class='ocrx_word' id='word_1_536' title='bbox 277 4681 301 4740; x_wconf 86' lang='grc' dir='ltr'>α’</span> <span class='ocrx_word' id='word_1_537' title='bbox 321 4683 439 4752; x_wconf 85' lang='grc' dir='ltr'>σταδίους</span> <span class='ocrx_word' id='word_1_538' title='bbox 459 4683 510 4742; x_wconf 83' lang='grc' dir='ltr'>ιἰπδ</span> <span class='ocrx_word' id='word_1_539' title='bbox 532 4688 581 4761; x_wconf 80' lang='grc' dir='ltr'>γῆν</span> <span class='ocrx_word' id='word_1_540' title='bbox 606 4681 720 4761; x_wconf 75' lang='grc' dir='ltr'>ἐνεχθὲν,</span> <span class='ocrx_word' id='word_1_541' title='bbox 736 4683 763 4739; x_wconf 85' lang='grc' dir='ltr'>ἐν</span> <span class='ocrx_word' id='word_1_542' title='bbox 779 4687 812 4762; x_wconf 83' lang='grc' dir='ltr'>τῇ</span> <span class='ocrx_word' id='word_1_543' title='bbox 828 4681 931 4761; x_wconf 75' lang='grc' dir='ltr'>Ἀργεία</span> <span class='ocrx_word' id='word_1_544' title='bbox 951 4681 994 4739; x_wconf 85' lang='grc' dir='ltr'>τὸν</span> 
     </span>
     <span class='ocr_line' id='line_1_51' title="bbox 217 4768 994 4848; baseline -0.003 -19"><span class='ocrx_word' id='word_1_545' title='bbox 217 4769 355 4848; x_wconf 81' lang='grc' dir='ltr'>Ἐρασῖνον</span> <span class='ocrx_word' id='word_1_546' title='bbox 370 4772 491 4829; x_wconf 86' lang='grc' dir='ltr'>ἐκδίδωσι</span> <span class='ocrx_word' id='word_1_547' title='bbox 506 4771 636 4847; x_wconf 87' lang='grc' dir='ltr'>ποταμόν·</span> <span class='ocrx_word' id='word_1_548' title='bbox 656 4769 735 4827; x_wconf 86' lang='grc' dir='ltr'>πάλιν</span> <span class='ocrx_word' id='word_1_549' title='bbox 753 4769 782 4826; x_wconf 88' lang='grc' dir='ltr'>τδ</span> <span class='ocrx_word' id='word_1_550' title='bbox 798 4768 861 4848; x_wconf 80' lang='grc' dir='ltr'>πρὸς</span> <span class='ocrx_word' id='word_1_551' title='bbox 875 4769 920 4839; x_wconf 74' lang='grc' dir='ltr'>τὴν</span> <span class='ocrx_word' id='word_1_552' title='bbox 936 4769 994 4846; x_wconf 87' lang='grc' dir='ltr'>Ἀρ·</span> 
     </span>
     <span class='ocr_line' id='line_1_52' title="bbox 216 4853 994 4937; baseline -0.006 -20"><span class='ocrx_word' id='word_1_553' title='bbox 216 4857 591 4937; x_wconf 70' lang='grc' dir='ltr'>καδικλνἈσέανύποὸρύχιον</span> <span class='ocrx_word' id='word_1_554' title='bbox 607 4857 699 4925; x_wconf 81' lang='grc' dir='ltr'>ὠοθὲν,</span> <span class='ocrx_word' id='word_1_555' title='bbox 713 4855 761 4936; x_wconf 74' lang='grc' dir='ltr'>ὀψέ</span> <span class='ocrx_word' id='word_1_556' title='bbox 769 4880 830 4914; x_wconf 87' lang='grc' dir='ltr'>ποτε</span> <span class='ocrx_word' id='word_1_557' title='bbox 838 4853 881 4914; x_wconf 90' lang='grc' dir='ltr'>τόν</span> <span class='ocrx_word' id='word_1_558' title='bbox 890 4879 917 4912; x_wconf 88' lang='grc' dir='ltr'>τε</span> <span class='ocrx_word' id='word_1_559' title='bbox 932 4856 994 4914; x_wconf 91' lang='grc' dir='ltr'>Ἀλ-</span> 
     </span>
    </p>
   </div>
   <div class='ocr_carea' id='block_1_9' title="bbox 1044 3028 1830 3273">
    <p class='ocr_par' dir='ltr' id='par_1_13' title="bbox 1044 3028 1830 3273">
     <span class='ocr_line' id='line_1_53' title="bbox 1046 3028 1828 3102; baseline 0.003 -20"><span class='ocrx_word' id='word_1_560' title='bbox 1046 3031 1140 3082; x_wconf 89' lang='lat' dir='ltr'>vertiee</span> <span class='ocrx_word' id='word_1_561' title='bbox 1158 3029 1270 3099; x_wconf 77' lang='lat' dir='ltr'>fulgores</span> <span class='ocrx_word' id='word_1_562' title='bbox 1292 3029 1416 3094; x_wconf 85' lang='lat' dir='ltr'>eduntur,</span> <span class='ocrx_word' id='word_1_563' title='bbox 1438 3028 1555 3086; x_wconf 79' lang='lat' dir='ltr'>interdiu</span> <span class='ocrx_word' id='word_1_564' title='bbox 1574 3030 1647 3082; x_wconf 80' lang='lat' dir='ltr'>sumo</span> <span class='ocrx_word' id='word_1_565' title='bbox 1669 3040 1695 3082; x_wconf 87' lang='lat' dir='ltr'>et</span> <span class='ocrx_word' id='word_1_566' title='bbox 1715 3032 1828 3102; x_wconf 82' lang='lat' dir='ltr'>caligine</span> 
     </span>
     <span class='ocr_line' id='line_1_54' title="bbox 1044 3113 1187 3168; baseline -0.007 0"><span class='ocrx_word' id='word_1_567' title='bbox 1044 3113 1187 3168; x_wconf 79' lang='lat' dir='ltr'>obsidetur,</span> 
     </span>
     <span class='ocr_line' id='line_1_55' title="bbox 1081 3201 1830 3273; baseline 0 -18"><span class='ocrx_word' id='word_1_568' title='bbox 1081 3203 1122 3257; x_wconf 90' lang='lat'>31.</span> <span class='ocrx_word' id='word_1_569' title='bbox 1143 3202 1228 3255; x_wconf 81' lang='lat' dir='ltr'>Sicilia</span> <span class='ocrx_word' id='word_1_570' title='bbox 1239 3213 1292 3255; x_wconf 85' lang='lat' dir='ltr'>tota</span> <span class='ocrx_word' id='word_1_571' title='bbox 1302 3219 1441 3256; x_wconf 85' lang='lat' dir='ltr'>cavernosa</span> <span class='ocrx_word' id='word_1_572' title='bbox 1452 3212 1501 3266; x_wconf 89' lang='lat' dir='ltr'>est,</span> <span class='ocrx_word' id='word_1_573' title='bbox 1515 3201 1667 3256; x_wconf 87' lang='lat' dir='ltr'>fluminibus</span> <span class='ocrx_word' id='word_1_574' title='bbox 1675 3213 1754 3273; x_wconf 87' lang='lat' dir='ltr'>atque</span> <span class='ocrx_word' id='word_1_575' title='bbox 1764 3205 1830 3272; x_wconf 84' lang='lat' dir='ltr'>igne</span> 
     </span>
    </p>
   </div>
   <div class='ocr_carea' id='block_1_10' title="bbox 1040 3299 1832 4748">
    <p class='ocr_par' dir='ltr' id='par_1_14' title="bbox 1040 3299 1832 4748">
     <span class='ocr_line' id='line_1_56' title="bbox 1043 3299 1830 3372; baseline 0.003 -19"><span class='ocrx_word' id='word_1_576' title='bbox 1043 3301 1133 3372; x_wconf 81' lang='lat' dir='ltr'>piena,</span> <span class='ocrx_word' id='word_1_577' title='bbox 1145 3301 1212 3354; x_wconf 87' lang='lat' dir='ltr'>sicut</span> <span class='ocrx_word' id='word_1_578' title='bbox 1221 3310 1248 3351; x_wconf 88' lang='lat' dir='ltr'>ct</span> <span class='ocrx_word' id='word_1_579' title='bbox 1261 3307 1332 3352; x_wconf 83' lang='lat' dir='ltr'>mare</span> <span class='ocrx_word' id='word_1_580' title='bbox 1345 3299 1510 3370; x_wconf 81' lang='lat' dir='ltr'>Tyrrhenum</span> <span class='ocrx_word' id='word_1_581' title='bbox 1524 3301 1619 3352; x_wconf 87' lang='lat' dir='ltr'>Cumas</span> <span class='ocrx_word' id='word_1_582' title='bbox 1631 3318 1729 3370; x_wconf 88' lang='lat' dir='ltr'>usque,</span> <span class='ocrx_word' id='word_1_583' title='bbox 1744 3311 1771 3352; x_wconf 89' lang='lat' dir='ltr'>ct</span> <span class='ocrx_word' id='word_1_584' title='bbox 1784 3320 1830 3355; x_wconf 76' lang='lat' dir='ltr'>us·</span> 
     </span>
     <span class='ocr_line' id='line_1_57' title="bbox 1043 3395 1826 3466; baseline 0.004 -18"><span class='ocrx_word' id='word_1_585' title='bbox 1043 3395 1153 3449; x_wconf 89' lang='lat' dir='ltr'>iidarum</span> <span class='ocrx_word' id='word_1_586' title='bbox 1172 3411 1298 3466; x_wconf 86' lang='lat' dir='ltr'>aquarum</span> <span class='ocrx_word' id='word_1_587' title='bbox 1317 3396 1484 3465; x_wconf 83' lang='lat' dir='ltr'>scaturigines</span> <span class='ocrx_word' id='word_1_588' title='bbox 1496 3395 1583 3450; x_wconf 85' lang='lat' dir='ltr'>habet.</span> <span class='ocrx_word' id='word_1_589' title='bbox 1597 3395 1639 3448; x_wconf 74' lang='lat' dir='ltr'>sd</span> <span class='ocrx_word' id='word_1_590' title='bbox 1651 3397 1826 3466; x_wconf 78' lang='lat' dir='ltr'>Agrigentum</span> 
     </span>
     <span class='ocr_line' id='line_1_58' title="bbox 1044 3485 1832 3556; baseline 0.005 -18"><span class='ocrx_word' id='word_1_591' title='bbox 1044 3506 1104 3541; x_wconf 86' lang='lat' dir='ltr'>rero</span> <span class='ocrx_word' id='word_1_592' title='bbox 1118 3487 1187 3540; x_wconf 88' lang='lat' dir='ltr'>lacus</span> <span class='ocrx_word' id='word_1_593' title='bbox 1201 3498 1263 3539; x_wconf 88' lang='lat' dir='ltr'>sunt</span> <span class='ocrx_word' id='word_1_594' title='bbox 1276 3498 1380 3556; x_wconf 90' lang='lat' dir='ltr'>gustum</span> <span class='ocrx_word' id='word_1_595' title='bbox 1390 3489 1468 3540; x_wconf 90' lang='lat' dir='ltr'>maris</span> <span class='ocrx_word' id='word_1_596' title='bbox 1481 3485 1832 3552; x_wconf 61' lang='lat' dir='ltr'>habentcs,uatn1amrero‘</span> 
     </span>
     <span class='ocr_line' id='line_1_59' title="bbox 1042 3577 1826 3651; baseline 0.003 -21"><span class='ocrx_word' id='word_1_597' title='bbox 1042 3577 1170 3632; x_wconf 81' lang='lat' dir='ltr'>diversam</span> <span class='ocrx_word' id='word_1_598' title='bbox 1181 3601 1188 3644; x_wconf 88' lang='lat'><strong>;</strong></span> <span class='ocrx_word' id='word_1_599' title='bbox 1200 3597 1260 3631; x_wconf 90' lang='lat' dir='ltr'>nam</span> <span class='ocrx_word' id='word_1_600' title='bbox 1273 3589 1299 3630; x_wconf 89' lang='lat' dir='ltr'>et</span> <span class='ocrx_word' id='word_1_601' title='bbox 1310 3577 1415 3631; x_wconf 89' lang='lat' dir='ltr'>natandi</span> <span class='ocrx_word' id='word_1_602' title='bbox 1428 3579 1522 3630; x_wconf 90' lang='lat' dir='ltr'>inscios</span> <span class='ocrx_word' id='word_1_603' title='bbox 1534 3578 1604 3633; x_wconf 84' lang='lat' dir='ltr'>nuile</span> <span class='ocrx_word' id='word_1_604' title='bbox 1615 3589 1691 3648; x_wconf 88' lang='lat' dir='ltr'>pacto</span> <span class='ocrx_word' id='word_1_605' title='bbox 1704 3577 1826 3651; x_wconf 79' lang='lat' dir='ltr'>demergi</span> 
     </span>
     <span class='ocr_line' id='line_1_60' title="bbox 1043 3669 1824 3740; baseline 0.006 -18"><span class='ocrx_word' id='word_1_606' title='bbox 1043 3671 1185 3738; x_wconf 89' lang='lat' dir='ltr'>contingit,</span> <span class='ocrx_word' id='word_1_607' title='bbox 1209 3669 1255 3722; x_wconf 90' lang='lat' dir='ltr'>scd</span> <span class='ocrx_word' id='word_1_608' title='bbox 1270 3669 1399 3738; x_wconf 87' lang='lat' dir='ltr'>lignorum</span> <span class='ocrx_word' id='word_1_609' title='bbox 1413 3669 1442 3722; x_wconf 90' lang='lat' dir='ltr'>in</span> <span class='ocrx_word' id='word_1_610' title='bbox 1459 3687 1559 3724; x_wconf 89' lang='lat' dir='ltr'>morem</span> <span class='ocrx_word' id='word_1_611' title='bbox 1575 3686 1687 3740; x_wconf 84' lang='lat' dir='ltr'>superne</span> <span class='ocrx_word' id='word_1_612' title='bbox 1705 3671 1824 3727; x_wconf 82' lang='lat' dir='ltr'>fluitant.</span> 
     </span>
     <span class='ocr_line' id='line_1_61' title="bbox 1041 3757 1827 3830; baseline 0.004 -18"><span class='ocrx_word' id='word_1_613' title='bbox 1041 3759 1119 3812; x_wconf 87' lang='lat' dir='ltr'>Palici</span> <span class='ocrx_word' id='word_1_614' title='bbox 1133 3769 1220 3812; x_wconf 84' lang='lat' dir='ltr'>autem</span> <span class='ocrx_word' id='word_1_615' title='bbox 1232 3768 1343 3812; x_wconf 88' lang='lat' dir='ltr'>cmteres</span> <span class='ocrx_word' id='word_1_616' title='bbox 1363 3757 1475 3822; x_wconf 85' lang='lat' dir='ltr'>babent,</span> <span class='ocrx_word' id='word_1_617' title='bbox 1489 3759 1534 3828; x_wconf 87' lang='lat' dir='ltr'>qui</span> <span class='ocrx_word' id='word_1_618' title='bbox 1546 3776 1625 3830; x_wconf 85' lang='lat' dir='ltr'>aquas</span> <span class='ocrx_word' id='word_1_619' title='bbox 1641 3761 1667 3810; x_wconf 92' lang='lat' dir='ltr'>in</span> <span class='ocrx_word' id='word_1_620' title='bbox 1680 3761 1827 3816; x_wconf 85' lang='lat' dir='ltr'>rotundam</span> 
     </span>
     <span class='ocr_line' id='line_1_62' title="bbox 1041 3840 1827 3918; baseline 0.005 -18"><span class='ocrx_word' id='word_1_621' title='bbox 1041 3847 1181 3901; x_wconf 79' lang='lat' dir='ltr'>cxsusilant</span> <span class='ocrx_word' id='word_1_622' title='bbox 1195 3840 1320 3912; x_wconf 80' lang='lat' dir='ltr'>sormam,</span> <span class='ocrx_word' id='word_1_623' title='bbox 1335 3865 1478 3918; x_wconf 87' lang='lat' dir='ltr'>rursusque</span> <span class='ocrx_word' id='word_1_624' title='bbox 1493 3848 1519 3900; x_wconf 91' lang='lat' dir='ltr'>in</span> <span class='ocrx_word' id='word_1_625' title='bbox 1532 3846 1644 3900; x_wconf 87' lang='lat' dir='ltr'>eundern</span> <span class='ocrx_word' id='word_1_626' title='bbox 1658 3848 1745 3901; x_wconf 90' lang='lat' dir='ltr'>sinum</span> <span class='ocrx_word' id='word_1_627' title='bbox 1756 3855 1827 3904; x_wconf 89' lang='lat' dir='ltr'>rcci-</span> 
     </span>
     <span class='ocr_line' id='line_1_63' title="bbox 1041 3939 1826 4015; baseline 0.001 -22"><span class='ocrx_word' id='word_1_628' title='bbox 1041 3941 1126 4010; x_wconf 89' lang='lat' dir='ltr'>piunt.</span> <span class='ocrx_word' id='word_1_629' title='bbox 1134 3940 1300 4015; x_wconf 88' lang='lat' dir='ltr'>Speiuncaad</span> <span class='ocrx_word' id='word_1_630' title='bbox 1309 3942 1458 3992; x_wconf 81' lang='lat' dir='ltr'>Metaurum</span> <span class='ocrx_word' id='word_1_631' title='bbox 1465 3939 1652 4009; x_wconf 84' lang='lat' dir='ltr'>amplissimum</span> <span class='ocrx_word' id='word_1_632' title='bbox 1664 3939 1734 3991; x_wconf 89' lang='lat' dir='ltr'>intus</span> <span class='ocrx_word' id='word_1_633' title='bbox 1744 3939 1826 3994; x_wconf 77' lang='lat' dir='ltr'>hehet</span> 
     </span>
     <span class='ocr_line' id='line_1_64' title="bbox 1042 4031 1825 4103; baseline 0 -19"><span class='ocrx_word' id='word_1_634' title='bbox 1042 4032 1164 4095; x_wconf 82' lang='lat' dir='ltr'>fistulam,</span> <span class='ocrx_word' id='word_1_635' title='bbox 1179 4049 1226 4102; x_wconf 90' lang='lat' dir='ltr'>per</span> <span class='ocrx_word' id='word_1_636' title='bbox 1236 4050 1314 4103; x_wconf 86' lang='lat' dir='ltr'>quam</span> <span class='ocrx_word' id='word_1_637' title='bbox 1324 4032 1441 4086; x_wconf 84' lang='lat' dir='ltr'>occuitus</span> <span class='ocrx_word' id='word_1_638' title='bbox 1452 4031 1548 4084; x_wconf 79' lang='lat' dir='ltr'>labitur</span> <span class='ocrx_word' id='word_1_639' title='bbox 1560 4033 1644 4086; x_wconf 85' lang='lat' dir='ltr'>amnis</span> <span class='ocrx_word' id='word_1_640' title='bbox 1652 4047 1746 4100; x_wconf 83' lang='lat' dir='ltr'>magno</span> <span class='ocrx_word' id='word_1_641' title='bbox 1758 4050 1825 4084; x_wconf 77' lang='lat' dir='ltr'>sane</span> 
     </span>
     <span class='ocr_line' id='line_1_65' title="bbox 1041 4121 1823 4192; baseline 0 -16"><span class='ocrx_word' id='word_1_642' title='bbox 1041 4125 1192 4192; x_wconf 79' lang='lat' dir='ltr'>intervallo,</span> <span class='ocrx_word' id='word_1_643' title='bbox 1217 4121 1313 4176; x_wconf 88' lang='lat' dir='ltr'>deinde</span> <span class='ocrx_word' id='word_1_644' title='bbox 1335 4124 1364 4176; x_wconf 90' lang='lat' dir='ltr'>in</span> <span class='ocrx_word' id='word_1_645' title='bbox 1389 4122 1552 4192; x_wconf 84' lang='lat' dir='ltr'>superficiem</span> <span class='ocrx_word' id='word_1_646' title='bbox 1578 4138 1668 4174; x_wconf 90' lang='lat' dir='ltr'>rursus</span> <span class='ocrx_word' id='word_1_647' title='bbox 1694 4125 1823 4191; x_wconf 77' lang='lat' dir='ltr'>emergit3</span> 
     </span>
     <span class='ocr_line' id='line_1_66' title="bbox 1041 4213 1824 4287; baseline 0.003 -20"><span class='ocrx_word' id='word_1_648' title='bbox 1041 4216 1263 4287; x_wconf 79' lang='lat' dir='ltr'>quemadmodum</span> <span class='ocrx_word' id='word_1_649' title='bbox 1290 4217 1317 4268; x_wconf 92' lang='lat' dir='ltr'>in</span> <span class='ocrx_word' id='word_1_650' title='bbox 1340 4217 1414 4285; x_wconf 84' lang='lat' dir='ltr'>Syria</span> <span class='ocrx_word' id='word_1_651' title='bbox 1433 4216 1547 4267; x_wconf 87' lang='lat' dir='ltr'>Orontes</span> <span class='ocrx_word' id='word_1_652' title='bbox 1577 4214 1604 4264; x_wconf 92' lang='lat' dir='ltr'>in</span> <span class='ocrx_word' id='word_1_653' title='bbox 1624 4213 1726 4268; x_wconf 88' lang='lat' dir='ltr'>hiatum</span> <span class='ocrx_word' id='word_1_654' title='bbox 1751 4215 1824 4269; x_wconf 82' lang='lat' dir='ltr'>inter</span> 
     </span>
     <span class='ocr_line' id='line_1_67' title="bbox 1041 4302 1823 4376; baseline -0.004 -17"><span class='ocrx_word' id='word_1_655' title='bbox 1041 4308 1176 4376; x_wconf 79' lang='lat' dir='ltr'>Apamiam</span> <span class='ocrx_word' id='word_1_656' title='bbox 1199 4317 1226 4359; x_wconf 88' lang='lat' dir='ltr'>et</span> <span class='ocrx_word' id='word_1_657' title='bbox 1245 4305 1410 4358; x_wconf 76' lang='lat' dir='ltr'>Antiochiam</span> <span class='ocrx_word' id='word_1_658' title='bbox 1430 4303 1549 4373; x_wconf 77' lang='lat' dir='ltr'>delapsus</span> <span class='ocrx_word' id='word_1_659' title='bbox 1561 4302 1732 4372; x_wconf 80' lang='lat' dir='ltr'>(Charybdim</span> <span class='ocrx_word' id='word_1_660' title='bbox 1749 4303 1823 4356; x_wconf 81' lang='lat' dir='ltr'>husie</span> 
     </span>
     <span class='ocr_line' id='line_1_68' title="bbox 1040 4394 1822 4468; baseline -0.001 -18"><span class='ocrx_word' id='word_1_661' title='bbox 1040 4397 1186 4468; x_wconf 82' lang='lat' dir='ltr'>appeliant)</span> <span class='ocrx_word' id='word_1_662' title='bbox 1199 4407 1258 4467; x_wconf 86' lang='lat' dir='ltr'>post</span> <span class='ocrx_word' id='word_1_663' title='bbox 1270 4394 1441 4466; x_wconf 85' lang='lat' dir='ltr'>quadraginta</span> <span class='ocrx_word' id='word_1_664' title='bbox 1453 4411 1559 4448; x_wconf 80' lang='lat' dir='ltr'>rursum</span> <span class='ocrx_word' id='word_1_665' title='bbox 1570 4412 1599 4446; x_wconf 82' lang='lat' dir='ltr'>ss</span> <span class='ocrx_word' id='word_1_666' title='bbox 1618 4397 1703 4447; x_wconf 82' lang='lat' dir='ltr'>exerit</span> <span class='ocrx_word' id='word_1_667' title='bbox 1718 4395 1822 4460; x_wconf 73' lang='lat' dir='ltr'>stadia,</span> 
     </span>
     <span class='ocr_line' id='line_1_69' title="bbox 1040 4485 1826 4558; baseline -0.003 -16"><span class='ocrx_word' id='word_1_668' title='bbox 1040 4490 1132 4542; x_wconf 88' lang='lat' dir='ltr'>eodem</span> <span class='ocrx_word' id='word_1_669' title='bbox 1157 4489 1238 4542; x_wconf 89' lang='lat' dir='ltr'>modo</span> <span class='ocrx_word' id='word_1_670' title='bbox 1261 4491 1346 4558; x_wconf 78' lang='lat' dir='ltr'>Tigris</span> <span class='ocrx_word' id='word_1_671' title='bbox 1367 4489 1395 4540; x_wconf 91' lang='lat' dir='ltr'>in</span> <span class='ocrx_word' id='word_1_672' title='bbox 1423 4486 1625 4557; x_wconf 77' lang='lat' dir='ltr'>Mesopotamia,</span> <span class='ocrx_word' id='word_1_673' title='bbox 1644 4495 1671 4537; x_wconf 87' lang='lat' dir='ltr'>et</span> <span class='ocrx_word' id='word_1_674' title='bbox 1695 4485 1771 4538; x_wconf 87' lang='lat' dir='ltr'>Niius</span> <span class='ocrx_word' id='word_1_675' title='bbox 1794 4487 1826 4540; x_wconf 81' lang='lat' dir='ltr'>iu</span> 
     </span>
     <span class='ocr_line' id='line_1_70' title="bbox 1042 4575 1825 4653; baseline -0.009 -18"><span class='ocrx_word' id='word_1_676' title='bbox 1042 4583 1129 4636; x_wconf 76' lang='lat' dir='ltr'>Africa</span> <span class='ocrx_word' id='word_1_677' title='bbox 1149 4601 1201 4635; x_wconf 92' lang='lat' dir='ltr'>non</span> <span class='ocrx_word' id='word_1_678' title='bbox 1215 4579 1470 4653; x_wconf 84' lang='lat' dir='ltr'>procuiaiontibus.</span> <span class='ocrx_word' id='word_1_679' title='bbox 1496 4581 1562 4646; x_wconf 79' lang='lat' dir='ltr'>Quae</span> <span class='ocrx_word' id='word_1_680' title='bbox 1576 4591 1638 4630; x_wconf 87' lang='lat' dir='ltr'>vero</span> <span class='ocrx_word' id='word_1_681' title='bbox 1651 4575 1721 4647; x_wconf 79' lang='lat' dir='ltr'>apud</span> <span class='ocrx_word' id='word_1_682' title='bbox 1734 4578 1825 4647; x_wconf 75' lang='lat' dir='ltr'>Stym-</span> 
     </span>
     <span class='ocr_line' id='line_1_71' title="bbox 1040 4668 1826 4748; baseline -0.009 -19"><span class='ocrx_word' id='word_1_683' title='bbox 1040 4677 1147 4748; x_wconf 88' lang='lat' dir='ltr'>phaium</span> <span class='ocrx_word' id='word_1_684' title='bbox 1162 4689 1200 4730; x_wconf 87' lang='lat' dir='ltr'>est</span> <span class='ocrx_word' id='word_1_685' title='bbox 1218 4693 1300 4747; x_wconf 85' lang='lat' dir='ltr'>aqna,</span> <span class='ocrx_word' id='word_1_686' title='bbox 1312 4673 1431 4727; x_wconf 87' lang='lat' dir='ltr'>ducentis</span> <span class='ocrx_word' id='word_1_687' title='bbox 1449 4673 1498 4725; x_wconf 89' lang='lat' dir='ltr'>sub</span> <span class='ocrx_word' id='word_1_688' title='bbox 1511 4682 1579 4725; x_wconf 88' lang='lat' dir='ltr'>terra</span> <span class='ocrx_word' id='word_1_689' title='bbox 1592 4669 1682 4722; x_wconf 80' lang='lat' dir='ltr'>stadiis</span> <span class='ocrx_word' id='word_1_690' title='bbox 1695 4668 1780 4722; x_wconf 82' lang='lat' dir='ltr'>deiata</span> <span class='ocrx_word' id='word_1_691' title='bbox 1794 4671 1826 4722; x_wconf 79' lang='lat' dir='ltr'>in</span> 
     </span>
    </p>
   </div>
   <div class='ocr_carea' id='block_1_11' title="bbox 1040 4759 1825 4929">
    <p class='ocr_par' dir='ltr' id='par_1_15' title="bbox 1040 4759 1825 4929">
     <span class='ocr_line' id='line_1_72' title="bbox 1040 4759 1825 4838; baseline -0.018 -16"><span class='ocrx_word' id='word_1_692' title='bbox 1040 4770 1137 4838; x_wconf 79' lang='lat' dir='ltr'>Argivo</span> <span class='ocrx_word' id='word_1_693' title='bbox 1151 4765 1246 4819; x_wconf 89' lang='lat' dir='ltr'>deinde</span> <span class='ocrx_word' id='word_1_694' title='bbox 1259 4783 1321 4834; x_wconf 89' lang='lat' dir='ltr'>agro</span> <span class='ocrx_word' id='word_1_695' title='bbox 1340 4765 1478 4818; x_wconf 84' lang='lat' dir='ltr'>Emsinum</span> <span class='ocrx_word' id='word_1_696' title='bbox 1497 4760 1610 4814; x_wconf 76' lang='lat' dir='ltr'>effundit</span> <span class='ocrx_word' id='word_1_697' title='bbox 1622 4775 1737 4811; x_wconf 84' lang='lat' dir='ltr'>amnem.</span> <span class='ocrx_word' id='word_1_698' title='bbox 1753 4759 1825 4810; x_wconf 85' lang='lat' dir='ltr'>itur·</span> 
     </span>
     <span class='ocr_line' id='line_1_73' title="bbox 1040 4845 1825 4929; baseline -0.019 -17"><span class='ocrx_word' id='word_1_699' title='bbox 1040 4877 1135 4929; x_wconf 88' lang='lat' dir='ltr'>susque</span> <span class='ocrx_word' id='word_1_700' title='bbox 1153 4875 1220 4928; x_wconf 85' lang='lat' dir='ltr'>aqua</span> <span class='ocrx_word' id='word_1_701' title='bbox 1240 4854 1274 4908; x_wconf 90' lang='lat' dir='ltr'>ad</span> <span class='ocrx_word' id='word_1_702' title='bbox 1294 4861 1386 4907; x_wconf 81' lang='lat' dir='ltr'>Aseam</span> <span class='ocrx_word' id='word_1_703' title='bbox 1401 4851 1567 4914; x_wconf 76' lang='lat' dir='ltr'>Arcadicam,</span> <span class='ocrx_word' id='word_1_704' title='bbox 1584 4848 1651 4900; x_wconf 82' lang='lat' dir='ltr'>inira</span> <span class='ocrx_word' id='word_1_705' title='bbox 1664 4857 1761 4900; x_wconf 81' lang='lat' dir='ltr'>terram</span> <span class='ocrx_word' id='word_1_706' title='bbox 1775 4845 1825 4898; x_wconf 83' lang='lat' dir='ltr'>de-</span> 
     </span>
    </p>
   </div>
   <div class='ocr_carea' id='block_1_12' title="bbox 217 4934 1823 5026">
    <p class='ocr_par' dir='ltr' id='par_1_16' title="bbox 217 4934 1823 5026">
     <span class='ocr_line' id='line_1_74' title="bbox 217 4934 1823 5026; baseline -0.011 -24"><span class='ocrx_word' id='word_1_707' title='bbox 217 4945 287 5024; x_wconf 82' lang='grc' dir='ltr'>φειδν</span> <span class='ocrx_word' id='word_1_708' title='bbox 301 4947 347 5004; x_wconf 87' lang='grc' dir='ltr'>καὶ</span> <span class='ocrx_word' id='word_1_709' title='bbox 365 4947 408 5004; x_wconf 76' lang='grc' dir='ltr'>τὀν</span> <span class='ocrx_word' id='word_1_710' title='bbox 423 4947 548 5026; x_wconf 85' lang='grc' dir='ltr'>Εὐρώταν</span> <span class='ocrx_word' id='word_1_711' title='bbox 564 4946 728 5022; x_wconf 81' lang='grc' dir='ltr'>ἀναδίδωσιν,</span> <span class='ocrx_word' id='word_1_712' title='bbox 751 4945 820 5001; x_wconf 79' lang='grc' dir='ltr'>ὥστε</span> <span class='ocrx_word' id='word_1_713' title='bbox 842 4943 886 5002; x_wconf 83' lang='grc' dir='ltr'>καί</span> <span class='ocrx_word' id='word_1_714' title='bbox 913 4965 991 5000; x_wconf 90' lang='grc' dir='ltr'>πεπι·</span> <span class='ocrx_word' id='word_1_715' title='bbox 1039 4947 1129 5020; x_wconf 84' lang='lat' dir='ltr'>pulsa,</span> <span class='ocrx_word' id='word_1_716' title='bbox 1153 4947 1232 5015; x_wconf 86' lang='lat' dir='ltr'>longo</span> <span class='ocrx_word' id='word_1_717' title='bbox 1251 4953 1310 5016; x_wconf 91' lang='lat' dir='ltr'>post</span> <span class='ocrx_word' id='word_1_718' title='bbox 1333 4941 1467 4996; x_wconf 83' lang='lat' dir='ltr'>intervallo</span> <span class='ocrx_word' id='word_1_719' title='bbox 1489 4941 1613 4992; x_wconf 84' lang='lat' dir='ltr'>Eurotam</span> <span class='ocrx_word' id='word_1_720' title='bbox 1639 4947 1666 4988; x_wconf 88' lang='lat' dir='ltr'>et</span> <span class='ocrx_word' id='word_1_721' title='bbox 1689 4934 1823 5006; x_wconf 73' lang='lat' dir='ltr'>Alpheum</span> 
     </span>
    </p>
   </div>
   <div class='ocr_carea' id='block_1_13' title="bbox 220 5088 1826 5261">
    <p class='ocr_par' dir='ltr' id='par_1_17' title="bbox 220 5062 1826 5261">
     <span class='ocr_line' id='line_1_75' title="bbox 220 5088 1826 5182; baseline -0.026 -2"><span class='ocrx_word' id='word_1_722' title='bbox 220 5115 279 5167; x_wconf 59' lang='grc' dir='ltr'>ΑΒ·</span> <span class='ocrx_word' id='word_1_723' title='bbox 291 5112 302 5179; x_wconf 85' lang='lat' dir='ltr'>ii</span> <span class='ocrx_word' id='word_1_724' title='bbox 318 5140 354 5150; x_wconf 92' lang='lat'>··</span> <span class='ocrx_word' id='word_1_725' title='bbox 368 5113 459 5180; x_wconf 78' lang='lat'><strong>²7·28·</strong></span> <span class='ocrx_word' id='word_1_726' title='bbox 470 5129 498 5182; x_wconf 81' lang='lat' dir='ltr'>p-</span> <span class='ocrx_word' id='word_1_727' title='bbox 516 5111 578 5179; x_wconf 76' lang='lat'>273.</span> <span class='ocrx_word' id='word_1_728' title='bbox 594 5115 620 5163; x_wconf 86' lang='lat' dir='ltr'>C.</span> <span class='ocrx_word' id='word_1_729' title='bbox 636 5113 647 5181; x_wconf 90' lang='grc' dir='ltr'>ΙΙ</span> <span class='ocrx_word' id='word_1_730' title='bbox 659 5139 694 5149; x_wconf 94' lang='grc'><strong>-</strong></span> <span class='ocrx_word' id='word_1_731' title='bbox 709 5126 756 5178; x_wconf 74' lang='lat'>²9·</span> <span class='ocrx_word' id='word_1_732' title='bbox 773 5126 799 5179; x_wconf 85' lang='lat' dir='ltr'>p.</span> <span class='ocrx_word' id='word_1_733' title='bbox 810 5109 873 5177; x_wconf 77' lang='lat'>273,</span> <span class='ocrx_word' id='word_1_734' title='bbox 887 5112 922 5160; x_wconf 86' lang='lat' dir='ltr'>D.</span> <span class='ocrx_word' id='word_1_735' title='bbox 934 5110 996 5174; x_wconf 67' lang='grc' dir='ltr'>τρο,</span> <span class='ocrx_word' id='word_1_736' title='bbox 1046 5107 1149 5157; x_wconf 75' lang='lat' dir='ltr'>Arcu.</span> <span class='ocrx_word' id='word_1_737' title='bbox 1167 5102 1178 5170; x_wconf 82' lang='grc' dir='ltr'>ΙΙ</span> <span class='ocrx_word' id='word_1_738' title='bbox 1199 5130 1233 5141; x_wconf 95' lang='grc'>-</span> <span class='ocrx_word' id='word_1_739' title='bbox 1257 5101 1300 5153; x_wconf 81' lang='lat'>31.</span> <span class='ocrx_word' id='word_1_740' title='bbox 1315 5115 1342 5170; x_wconf 94' lang='lat' dir='ltr'>p.</span> <span class='ocrx_word' id='word_1_741' title='bbox 1357 5101 1418 5168; x_wconf 69' lang='lat'>274,</span> <span class='ocrx_word' id='word_1_742' title='bbox 1436 5099 1472 5149; x_wconf 87' lang='lat' dir='ltr'>D.</span> <span class='ocrx_word' id='word_1_743' title='bbox 1496 5091 1558 5162; x_wconf 81' lang='lat'>275,</span> <span class='ocrx_word' id='word_1_744' title='bbox 1574 5095 1678 5144; x_wconf 75' lang='lat' dir='ltr'>Accu.</span> <span class='ocrx_word' id='word_1_745' title='bbox 1695 5088 1826 5158; x_wconf 71' lang='lat' dir='ltr'>iisirzo&#39;s]</span> 
     </span>
     <span class='ocr_line' id='line_1_76' title="bbox 224 5166 1823 5261; baseline -0.026 -3"><span class='ocrx_word' id='word_1_746' title='bbox 224 5192 256 5241; x_wconf 72' lang='lat' dir='ltr'>A·</span> <span class='ocrx_word' id='word_1_747' title='bbox 272 5187 333 5240; x_wconf 62' lang='lat' dir='ltr'>ns</span> <span class='ocrx_word' id='word_1_748' title='bbox 354 5188 398 5254; x_wconf 78' lang='grc' dir='ltr'>τὴν</span> <span class='ocrx_word' id='word_1_749' title='bbox 417 5189 493 5260; x_wconf 66' lang='grc' dir='ltr'>ἐπαγ</span> <span class='ocrx_word' id='word_1_750' title='bbox 513 5190 554 5242; x_wconf 72' lang='grc' dir='ltr'>ιιι</span> <span class='ocrx_word' id='word_1_751' title='bbox 566 5207 588 5242; x_wconf 67' lang='grc' dir='ltr'>τ.</span> <span class='ocrx_word' id='word_1_752' title='bbox 605 5187 626 5241; x_wconf 79' lang='grc' dir='ltr'>ι.</span> <span class='ocrx_word' id='word_1_753' title='bbox 648 5173 711 5240; x_wconf 68' lang='grc' dir='ltr'>αεὶ.</span> <span class='ocrx_word' id='word_1_754' title='bbox 734 5189 744 5256; x_wconf 80' lang='grc' dir='ltr'>γ</span> <span class='ocrx_word' id='word_1_755' title='bbox 762 5217 798 5261; x_wconf 86' lang='lat'>-.</span> <span class='ocrx_word' id='word_1_756' title='bbox 814 5188 856 5242; x_wconf 78' lang='grc' dir='ltr'>ιο.</span> <span class='ocrx_word' id='word_1_757' title='bbox 875 5204 906 5257; x_wconf 82' lang='lat' dir='ltr'>p.</span> <span class='ocrx_word' id='word_1_758' title='bbox 928 5187 995 5255; x_wconf 62' lang='lat'>⁴274,</span> <span class='ocrx_word' id='word_1_759' title='bbox 1048 5179 1165 5235; x_wconf 67' lang='lat' dir='ltr'>’immi</span> <span class='ocrx_word' id='word_1_760' title='bbox 1182 5179 1253 5243; x_wconf 72' lang='lat' dir='ltr'>coa,</span> <span class='ocrx_word' id='word_1_761' title='bbox 1275 5189 1303 5230; x_wconf 78' lang='lat' dir='ltr'>ur</span> <span class='ocrx_word' id='word_1_762' title='bbox 1327 5194 1369 5248; x_wconf 68' lang='lat' dir='ltr'>ap.</span> <span class='ocrx_word' id='word_1_763' title='bbox 1393 5173 1490 5239; x_wconf 61' lang='lat' dir='ltr'>sen,</span> <span class='ocrx_word' id='word_1_764' title='bbox 1508 5169 1599 5239; x_wconf 66' lang='lat' dir='ltr'>’istan</span> <span class='ocrx_word' id='word_1_765' title='bbox 1627 5167 1707 5221; x_wconf 73' lang='grc' dir='ltr'>’νοω</span> <span class='ocrx_word' id='word_1_766' title='bbox 1726 5166 1823 5236; x_wconf 74' lang='grc' dir='ltr'>ωας</span> 
     </span>
    </p>
   </div>
   <div class='ocr_carea' id='block_1_14' title="bbox 0 0 1946 5925">
    <p class='ocr_par' dir='ltr' id='par_1_18' title="bbox 0 0 1946 5925">
     <span class='ocr_line' id='line_1_77' title="bbox 0 0 1946 5925; baseline 0 3"><span class='ocrx_word' id='word_1_767' title='bbox 0 0 1946 5925; x_wconf 95' lang='lat' dir='ltr'> </span> 
     </span>
    </p>
   </div>
  </div>
 </body>
</html>
