3884 5925
849 425 1103 490 mentituros
1718 440 1773 495 sas

137 572 161 630 Α
178 567 301 619 vinorum
313 576 408 631 genem
419 560 517 625 multa,
531 560 668 627 Picenum,
680 558 817 622 Sabinum,
829 558 953 613 'libum'-
985 578 987 590 ·
998 576 1068 628 quos
1077 560 1155 630 siper
1166 558 1281 627 ampelos
1296 558 1408 629 prolum
1418 559 1545 625 volueris,
1560 561 1674 615 invenies
1681 579 1776 618 omnm

176 670 240 705 num
253 662 279 703 et
288 651 418 713 Tuscum,
429 666 491 701 nam
501 658 528 700 et
538 648 633 699 Tuscia
641 646 678 699 illi
688 646 830 717 provinciae
842 644 953 714 adjacet.
995 643 1100 713 judices
1114 654 1141 699 et
1151 654 1299 714 potestates.

174 742 258 809 Super
269 737 320 791 hoc
333 737 478 789 maximum
495 732 611 804 possidet
620 733 736 795 bonnam
747 733 877 785 civitatem
888 733 954 785 emi·
986 742 987 745 ’
1036 727 1079 785 56.
1100 729 1339 797 SequiturTuscia,
1352 730 1490 798 quainter
1503 728 1674 783 omniabona
1687 730 1745 797 [lton
1758 749 1777 785 a

175 826 354 879 nentissimam
365 834 392 876 et
404 821 517 891 regalem
529 819 692 889 quaedieitur
703 822 796 883 Roma,
808 818 964 888 splendori·⁴
998 812 1052 865 diis
1064 812 1208 867 maximum
1220 812 1359 883 accepisse]
1374 813 1465 878 lertur,
1480 813 1552 882 qnod
1569 832 1601 867 ex
1614 832 1644 867 ea
1656 814 1777 885 baruapi·

176 911 226 963 bns
247 910 400 963 divinorum
417 906 588 961 aedificiorum
607 914 735 959 ornatam.
761 906 861 957 Omnes
882 904 953 957 enim
998 914 1040 951 oss
1053 898 1167 969 primum
1178 895 1343 967 prodierunt.
1356 898 1479 967 Sequitur
1486 897 1606 967 Aquileia
1617 908 1643 951 et
1652 898 1777 955 Mediola-

175 996 346 1066 imperatores
358 994 394 1047 ob
407 993 515 1061 gloriam
529 1007 583 1043 suc
598 990 701 1043 virtutis
717 989 953 1058 unnsquisqueeo·
998 998 1077 1045 num,
1088 982 1203 1035 civitates
1215 981 1357 1051 splendidae
1368 992 1394 1034 et
1405 982 1498 1035 divites
1506 1000 1598 1053 opum.

175 1098 236 1133 rum
244 1081 381 1151 proprium
391 1095 458 1147 opus
465 1094 514 1129 suo
523 1075 630 1129 nomine
637 1072 800 1127 dedicarunt.
810 1074 877 1140 Quis
883 1074 955 1125 enim
1034 1068 1077 1137 57.
1092 1070 1155 1123 Post
1172 1068 1272 1121 ltaliam
1286 1069 1421 1139 superiora
1434 1078 1568 1123 currentes
1586 1087 1651 1138 ques
1671 1080 1777 1139 preter·

176 1164 303 1219 Antonini
315 1163 465 1219 dinumeret
486 1160 582 1231 opera?
595 1159 662 1225 Quis
673 1156 780 1227 Traiani
798 1157 838 1208 vel
855 1167 954 1211 oetero-
999 1155 1117 1209 misimus
1128 1156 1276 1225 provincias
1289 1172 1484 1219 memoremus,
1500 1156 1618 1209 lrlmsiam
1634 1156 1731 1209 scilicet
1750 1166 1777 1211 et

176 1267 236 1300 rum
249 1250 359 1319 explicet
368 1250 394 1299 in
406 1245 529 1317 operibus
542 1245 653 1317 publicis
667 1244 837 1297 ornamenta?
853 1246 884 1297 ln
902 1261 954 1313 qua
992 1239 1106 1291 ¹Daciam
1119 1240 1281 1310 provincias,
1303 1240 1352 1293 sibi
1365 1238 1472 1309 quidem
1491 1238 1658 1305 sufficientes,
1678 1240 1776 1309 lrigora

175 1345 204 1387 et
224 1337 352 1388 circenses
370 1333 438 1388 bene
450 1332 593 1403 dispositos
610 1331 727 1383 invenies
743 1328 849 1383 ordines
868 1329 954 1381 abun·
998 1336 1087 1381 autem
1101 1344 1195 1396 magna
1213 1326 1355 1391 habentes,
1376 1344 1489 1396 quarum
1503 1338 1542 1380 est
1561 1328 1666 1381 Naissus
1684 1330 1776 1381 civitas

175 1420 333 1475 deotissime
342 1420 466 1474 ammius
477 1418 624 1472 decoratos.
638 1415 723 1471 Habet
735 1424 762 1467 et
773 1414 882 1467 flurium
899 1415 953 1465 uti·
998 1412 1131 1482 opulenta.
1145 1411 1246 1465 Deinde
1255 1413 1395 1465 Pannoniae
1405 1413 1493 1481 regio,
1510 1422 1578 1465 terra
1591 1412 1664 1465 dives
1678 1413 1706 1465 in
1719 1430 1776 1465 ona
1843 1436 1847 1443 ·

176 1505 227 1558 lcrn
242 1505 301 1568 sibi,
314 1506 361 1574 qui
375 1522 390 1555 a
402 1503 529 1555 Tiberino
542 1501 645 1553 Tiberis
659 1499 815 1552 vocabulum
825 1500 952 1568 sumpsit,
998 1498 1089 1561 nibus,
1109 1516 1163 1549 non
1179 1498 1264 1551 solum
1276 1497 1404 1551 lruotibus
1415 1509 1441 1551 et
1448 1496 1591 1567 jumentis,
1603 1499 1648 1551 sod
1662 1508 1688 1551 et
1698 1516 1776 1567 nego·

56 1586 64 1600 ‘
173 1591 319 1660 namprius
328 1588 424 1643 Abala
431 1587 583 1649 dicebatur,
598 1586 644 1655 qui
653 1583 771 1637 incidens
787 1582 880 1635 urbem
891 1600 952 1653 per·
998 1584 1041 1635 tiis
1053 1592 1080 1635 et
1090 1584 1242 1653 mancipiis,
1252 1584 1280 1635 in
1294 1600 1346 1652 qua
1357 1600 1460 1654 semper
1473 1584 1661 1654 imperatorum
1676 1594 1714 1636 est
1728 1584 1775 1637 ba·

175 1675 286 1727 venitin
299 1690 385 1735 mare,
405 1683 491 1741 ctper
503 1672 589 1740 ipsum
604 1670 692 1735 omnia
708 1667 853 1722 ascendunt
866 1685 954 1737 quae
998 1667 1090 1720 bitatio
1107 1668 1275 1721 delectabilis.
1297 1668 1382 1721 Habet
1402 1679 1490 1721 sutem
1513 1671 1640 1723 maximas
1659 1670 1775 1722 civitates

173 1759 318 1829 peregrinis
332 1758 440 1811 veniunt
451 1755 613 1824 regionim,
622 1753 714 1807 desem
724 1763 752 1805 et
763 1763 824 1807 octo
837 1752 952 1809 milibus.
998 1755 1122 1809 Sirmium
1135 1765 1162 1807 et
1175 1756 1316 1819 Noricum,
1329 1754 1400 1807 unde
1414 1766 1441 1808 et
1452 1758 1529 1809 rastis
1539 1756 1637 1809 Norica
1649 1757 1720 1809 exire
1733 1754 1775 1807 di·

175 1845 211 1897 lit
218 1844 256 1895 sic
268 1843 360 1896 civitas
366 1841 492 1894 omnibus
500 1840 579 1893 bonis
591 1837 719 1893 abundat.
732 1837 818 1891 lisbet
830 1848 952 1891 tutemet
997 1842 1075 1895 citur.
1087 1842 1148 1893 liaeo
1159 1841 1300 1894 Pannoniae
1310 1841 1392 1908 regio.
1407 1844 1475 1907 Quae
1486 1840 1585 1910 adjacet
1594 1850 1666 1893 nans
1678 1842 1775 1895 llumen

174 1938 293 1986 senttun
308 1929 456 1983 meximum
464 1929 583 1981 virorum
595 1925 710 1979 divitum
721 1923 950 1994 eteloquentium,
999 1926 1152 1979 Danubium
1165 1944 1227 1995 gens
1238 1926 1411 1979 barbarorum
1420 1934 1447 1980 et
1459 1925 1538 1996 (ests)
1551 1928 1709 1980 Sarmatum.

178 2012 1768 2060 WL--n-...ffi

137 2124 161 2181 B
175 2125 380 2196 aproridentla.
393 2124 515 2177 Invenies
531 2123 602 2175 enim
621 2122 648 2175 in
668 2122 724 2192 ipsa
743 2120 817 2173 Italia
830 2121 953 2173 vinorum
997 2120 1123 2176 abundat.
1137 2122 1222 2175 Habet
1235 2132 1321 2175 antem
1335 2132 1362 2175 et
1373 2134 1489 2176 senatum
1500 2125 1643 2176 maximum
1657 2124 1774 2177 virorum

175 2212 258 2265 molta
283 2227 395 2281 genera,
421 2212 565 2273 Noenum,
596 2208 738 2273 Sabinum,
767 2208 952 2271 Tiburtinum,
997 2206 1119 2259 divitum.
1135 2210 1209 2274 Quos
1218 2208 1239 2259 si
1251 2224 1299 2277 per
1313 2208 1427 2276 singulos
1438 2208 1550 2279 probare
1562 2208 1673 2260 volneris
1684 2247 1691 2271 ,
1703 2210 1775 2261 inve-

173 2298 306 2360 Tascnm3
321 2298 417 2349 etenim
429 2296 525 2348 Tuscia
541 2294 642 2363 adjacet
658 2292 789 2363 predictae
802 2281 966 2362 provinciae,3
997 2294 1053 2345 nies
1075 2310 1167 2345 omnes
1177 2292 1278 2362 judices
1297 2305 1343 2346 sut
1365 2295 1446 2347 laetos
1460 2306 1505 2347 aut
1528 2294 1630 2348 futuros
1645 2313 1714 2359 esse,
1729 2310 1775 2350 aut

174 2382 250 2452 cnjus
269 2382 474 2435 formonsitatem
491 2390 553 2451 post
581 2396 636 2431 non
651 2378 765 2430 multum
778 2376 967 2433 narrabimus*
996 2388 1115 2448 potentes
1140 2380 1260 2449 quidem,
1276 2379 1392 2433 uolentes
1411 2392 1514 2447 autem,
1536 2392 1644 2451 propter
1665 2400 1773 2436 suorum

175 2466 248 2519 Italia
261 2482 325 2532 ergo
338 2465 462 2516 omnibus
481 2462 618 2516 abundans
640 2464 749 2531 insuper
768 2472 794 2513 et
806 2462 858 2514 boc
870 2463 954 2514 maxi·
998 2460 1049 2513 lrni
1073 2478 1133 2513 cum
1149 2464 1290 2514 securitate
1308 2463 1380 2515 velle.
1401 2462 1499 2515 Colunt
1519 2474 1607 2516 autem
1620 2475 1647 2517 et
1665 2464 1728 2517 deos
1741 2482 1774 2517 ex

174 2566 248 2602 mum
258 2549 359 2601 bonum
367 2549 497 2619 possidet,
507 2549 638 2600 civitatem
650 2548 790 2599 maximam
803 2548 954 2599 eteminen-
997 2556 1087 2615 parte,
1106 2550 1197 2599 Jovem
1211 2558 1237 2599 et
1251 2548 1335 2600 Solem
1343 2566 1359 2621 ;¹
1375 2566 1425 2599 neo
1445 2564 1499 2599 non
1513 2566 1584 2600 sacra
1599 2550 1675 2601 matri
1693 2548 1774 2603 detlm

174 2636 301 2687 tissimam
312 2643 339 2687 et
352 2635 463 2702 regalem
473 2673 481 2698 ,
491 2650 551 2703 qnae
562 2631 596 2683 de
612 2633 720 2683 nomine
730 2632 852 2683 virtutem
866 2640 954 2683 osten-
996 2630 1120 2699 perlicere
1140 2630 1249 2695 dicunt,
1263 2642 1290 2683 et
1303 2632 1452 2702 hantspices
1466 2631 1499 2685 ad
1521 2650 1566 2685 eos
1588 2634 1661 2704 [esse]
1674 2644 1774 2688 certum

174 2719 214 2772 dit
222 2728 248 2771 et
258 2722 458 2775 vocaturlloma
467 2739 474 2781 ;
482 2734 562 2788 qnam
571 2718 644 2787 ajunt
652 2714 801 2768 condidisse
811 2716 953 2767 Romulum
996 2724 1043 2771 est.
1060 2718 1134 2769 lianc
1146 2718 1235 2772 babes.

174 2822 296 2875 puerum.
309 2807 356 2857 Est
373 2807 460 2874 ltaque
471 2819 550 2873 quam
561 2805 676 2855 maxima
687 2813 714 2854 et
726 2802 841 2854 aedilielis
857 2802 954 2853 divinis
1033 2800 1076 2853 56.
1087 2802 1292 2855 Vicina'I'uscia.
1300 2805 1367 2869 Quae
1373 2804 1468 2855 'Iuscia
1479 2802 1567 2875 [inter]
1577 2804 1775 2875 quamplurima

174 2900 275 2943 ornate.
287 2890 406 2959 Quisque
414 2890 485 2940 enim
494 2889 601 2958 [autu]
611 2886 745 2939 antelaetis
753 2886 953 2957 imperatoribus
996 2886 1128 2941 hoesdiis
1136 2906 1232 2942 nomen
1243 2891 1505 2960 maximumacoepit;
1514 2890 1575 2942 inde
1581 2892 1651 2943 enim
1659 2892 1733 2960 ajunt
1740 2894 1774 2945 ab

173 2986 220 3028 aut
230 2976 277 3045 qui
288 2992 361 3027 nnnc
372 2985 452 3038 sunt,
466 2975 494 3025 in
508 2991 538 3026 ee
557 2973 672 3026 condere
685 2971 784 3041 aliquid
796 2973 951 3035 voluerunt,
998 2976 1099 3044 origine
1110 2978 1214 3028 inventa
1226 2995 1282 3028 esse
1297 2977 1458 3047 hanrspicia,
1475 2987 1501 3029 et
1515 2977 1586 3046 quod
1598 2979 1697 3032 bonum
1711 2979 1775 3032 deos

173 3073 200 3114 et
217 3062 311 3130 singuli
333 3079 427 3113 eorum
444 3077 512 3131 opus
528 3060 711 3129 qualecunque
730 3061 758 3111 in
782 3061 890 3110 nomine
904 3075 953 3110 sno
998 3079 1053 3114 esse
1071 3062 1208 3126 dicebant,
1229 3079 1289 3115 nam
1306 3074 1332 3116 et
1345 3065 1401 3134 ipsa
1414 3063 1550 3116 abundans
1562 3065 1685 3118 omnibus
1698 3065 1775 3118 bonis

174 3145 284 3202 faciunt.
302 3149 329 3201 Si
342 3149 412 3200 enim
427 3147 540 3199 volneris
554 3148 734 3209 Antoninum,
745 3161 824 3215 opera
839 3147 953 3199 invenies
996 3157 1022 3199 et
1033 3147 1084 3199 hoc
1097 3147 1212 3217 possidet
1221 3149 1348 3210 maxime,
1363 3149 1433 3200 eirca
1444 3145 1507 3200 deos
1520 3148 1667 3219 haruspicis
1677 3150 1773 3216 multu

173 3235 328 3301 innumera,
350 3234 419 3286 sietrt
441 3244 468 3286 et
487 3231 559 3302 qnod
572 3232 672 3283 dicitnr
694 3231 781 3283 lorum
794 3229 950 3300 Trajanum,
996 3233 1093 3284 etenim
1110 3230 1188 3302 hujus
1202 3233 1239 3284 rei
1260 3243 1360 3284 eertum
1376 3231 1409 3284 ed
1427 3249 1472 3284 eos
1485 3249 1540 3286 esse
1552 3233 1657 3290 dieitur.
1671 3237 1705 3287 Et
1719 3235 1775 3289 hec

172 3318 246 3386 qnod
261 3319 339 3370 liniret
352 3315 486 3370 Basilicam
500 3318 660 3386 precipuum
672 3324 699 3366 et
710 3317 884 3390 nominatam.
898 3318 952 3369 lla·
996 3319 1103 3388 quidem
1115 3321 1205 3371 Rome
1219 3329 1246 3371 et
1258 3320 1369 3372 Tusoiae.
1382 3319 1461 3372 Italiae
1476 3337 1537 3372 vero
1550 3330 1576 3373 et
1590 3323 1644 3376 aliae
1658 3325 1774 3376 civitates

172 3401 218 3454 bet
234 3411 321 3454 autem
346 3411 375 3454 et
398 3404 527 3452 circenses
547 3401 615 3452 beno
634 3401 734 3470 positos
760 3410 786 3451 et
809 3411 952 3454 cremento
996 3414 1057 3457 sunt
1071 3404 1229 3475 splendide,
1242 3423 1301 3475 quie
1314 3407 1351 3458 sio
1364 3415 1490 3458 vocantur
1503 3407 1621 3477 Aquileia
1634 3418 1660 3460 et
1672 3409 1774 3463 Medio·

174 3486 257 3537 multo
277 3496 398 3538 ornatos,
409 3487 478 3537 Sunt
489 3495 576 3536 autem
591 3486 619 3535 in
631 3485 687 3553 ipsa
701 3486 784 3534 lloma
797 3494 823 3534 et
840 3486 952 3553 virgines
996 3490 1098 3545 lanum,

173 3582 271 3643 septem
284 3574 405 3646 ingenuae
413 3583 440 3624 et
449 3571 612 3635 clarissimae,
629 3587 688 3639 quae
697 3586 769 3621 sacra
782 3567 891 3621 deorum
902 3589 952 3640 pro
1033 3575 1076 3642 57.
1095 3577 1156 3628 Post
1169 3593 1231 3646 ergo
1244 3577 1346 3630 ltaliam
1357 3593 1422 3646 quas
1435 3580 1648 3648 pretermisimus
1658 3581 1775 3635 civitates

173 3657 256 3709 salute
277 3658 388 3709 civitatis
402 3655 547 3710 secundum
570 3656 739 3724 antiquorum
752 3668 853 3705 morem
873 3654 950 3725 perfi-
996 3657 1128 3722 dicamus,
1144 3661 1263 3713 nImsiam
1277 3671 1302 3714 et
1312 3662 1419 3714 Daciam
1429 3663 1590 3732 provincias,
1605 3665 1772 3736 sibiquidcm

174 3744 248 3795 ciunt
260 3753 287 3795 et
299 3754 424 3794 vocantur
436 3743 547 3810 virgines
555 3742 651 3794 Vestae.
667 3739 791 3792 Similiter
802 3750 828 3792 ct
841 3741 951 3793 lluviurn
995 3741 1168 3806 sufficientes,
1182 3743 1279 3816 frigora
1299 3755 1386 3798 autem
1404 3763 1498 3816 magna
1510 3745 1648 3816 habentes,
1661 3767 1774 3819 quarum

173 3825 253 3880 babet
272 3829 360 3881 multis
374 3838 466 3882 notum
479 3826 613 3890 Tiberim,
628 3827 673 3896 qui
688 3825 757 3878 utilis
768 3835 807 3877 est
820 3824 951 3896 praedictae
995 3829 1085 3880 civitas
1101 3845 1194 3898 magna
1206 3830 1313 3882 Naissus
1330 3827 1437 3883 dicitur.
1459 3831 1560 3884 Deinde
1574 3833 1715 3890 Pannoniae
1728 3854 1771 3888 re-

173 3912 285 3976 ciritati,
300 3914 347 3983 qni
368 3912 484 3966 incidens
500 3929 558 3967 eam
575 3911 696 3981 pervenit
717 3911 746 3962 in
760 3927 847 3971 mare,
861 3919 887 3962 et
903 3928 952 3982 per
985 3913 1053 3980 «gio,
1078 3922 1147 3966 terra
1171 3911 1244 3965 dives
1262 3914 1290 3966 in
1313 3915 1454 3979 omnibus,
1476 3913 1605 3970 fructibus
1628 3931 1775 3989 quoquest

174 4001 261 4070 ipsum
273 4002 362 4054 omnia
374 4018 433 4069 quae
451 4000 560 4052 veniunt
579 3997 614 4051 de
636 4013 760 4067 peregre,
774 3993 919 4048 ascendunt
935 4013 952 4048 a
993 3995 1119 4066 jumentis
1131 4007 1158 4052 et
1171 3999 1337 4066 negotiis,ex
1349 4009 1456 4069 parteet
1467 4001 1612 4070 mancipiis
1627 4004 1661 4056 Et
1671 4021 1775 4074 suuper

174 4087 266 4144 decem
278 4099 306 4141 et
322 4098 383 4140 octo
397 4087 518 4151 milibus,
532 4095 560 4137 et
574 4086 612 4136 sie
631 4083 721 4136 civitas
737 4083 861 4136 omnibus
875 4082 951 4136 bonis
995 4081 1120 4135 habitatio
1144 4083 1332 4164 imperatorum
1347 4093 1396 4138 est.
1410 4083 1497 4138 Habet
1513 4095 1600 4140 autem
1613 4096 1640 4142 et
1657 4088 1774 4144 civitates

175 4297 255 4366 mm]
273 4289 508 4346 innumerataeod.
526 4291 538 4360 ll
551 4319 587 4331 -
605 4301 630 4342 et
649 4288 720 4362 quod
774 4287 844 4358 quod
864 4288 951 4358 iubet]
1032 4289 1048 4356 s
1061 4285 1103 4356 57.
1112 4289 1230 4356 Nayssus
1242 4289 1317 4351 Cau,
1325 4290 1423 4340 Nessus
1431 4289 1463 4340 B.
1474 4312 1484 4334 ι
1494 4289 1661 4343 Constantius
1672 4290 1708 4342 ibi
1719 4309 1773 4344 non

174 4392 232 4444 quoe
287 4389 345 4442 que
353 4369 431 4422 tabee
442 4369 503 4424 cod.
519 4369 531 4436 ll
543 4396 579 4409 -
587 4365 791 4419 aseendentcod.
806 4367 816 4434 ll
828 4395 863 4409 —
877 4366 953 4422 milia
996 4365 1253 4430 semelmomtusmn.
1264 4365 1361 4433 337‚ut
1369 4364 1447 4418 docet
1457 4365 1498 4418 lex
1509 4368 1678 4436 7C.Just.de
1688 4365 1773 4420 divor-

174 4451 236 4505 cod.
254 4451 265 4518 ΙΙ
283 4479 319 4489 -
335 4448 419 4502 coleret
430 4447 491 4500 cod.
509 4449 520 4516 u
533 4475 569 4485 -
581 4443 758 4498 sacramentis
769 4444 865 4506 codex,
879 4442 952 4514 quod
997 4443 1055 4507 tlis;
1065 4460 1109 4496 an.
1124 4443 1185 4506 340,
1201 4453 1231 4494 ut
1241 4441 1319 4495 demet
1328 4443 1369 4495 lex
1381 4459 1415 4510 ²9
1426 4444 1456 4495 C.
1467 4441 1566 4496 Theod.
1576 4443 1609 4495 de
1622 4443 1770 4512 decurion.,

174 4526 270 4582 deinde
282 4535 428 4578 correctum
443 4527 470 4578 in
487 4540 564 4576 sacra
578 4521 680 4574 matris.
698 4522 709 4590 ΙΙ
720 4551 756 4560 -
771 4545 782 4567 ι
796 4521 953 4592 Haruspices
996 4529 1022 4572 et
1035 4520 1075 4573 lex
1089 4520 1347 4592 superruentium
1362 4539 1405 4573 an.
1423 4521 1484 4584 361,
1497 4529 1562 4574 teste
1572 4525 1711 4576 Ammiano
1724 4515 1775 4577 lib.'

173 4607 264 4658 llomae
277 4605 328 4656 hoo
344 4601 431 4656 adhuc
446 4613 563 4672 tempore
576 4598 696 4652 consulti.
719 4598 798 4651 Liber
811 4599 889 4667 igitur
909 4598 952 4650 bie
996 4611 1066 4667 21p.
1089 4597 1213 4662 aimoini
1231 4599 1351 4650 Naissum
1374 4601 1509 4668 copiosum
1534 4599 1661 4672 oppidum
1687 4609 1770 4654 vocat.

173 4685 336 4754 mascriptus
345 4694 405 4735 ante
416 4701 460 4734 an.
474 4681 535 4750 357,
543 4696 597 4750 quo
610 4679 718 4730 vetitum
728 4677 778 4730 ida
788 4679 949 4734 Constantio.
996 4673 1097 4726 Ibidem
1111 4685 1199 4746 postea
1209 4675 1408 4727 Valentinianus
1424 4686 1450 4727 et
1460 4675 1556 4727 Valens
1574 4677 1713 4730 constitere
1727 4697 1771 4732 an.

176 4766 209 4822 V.
231 4761 292 4817 cod.
306 4761 409 4814 Theod.
423 4761 468 4813 lili.
484 4764 511 4822 d,
526 4757 560 4811 de
572 4757 694 4810 maleficis
706 4755 791 4808 sacrif.
805 4765 831 4808 et
841 4767 922 4826 temp.
937 4777 948 4805 ι
996 4753 1057 4818 364,
1072 4753 1143 4824 quod
1157 4764 1214 4806 tum
1228 4755 1383 4807 Ammianus
1396 4752 1473 4805 docet
1485 4753 1531 4806 lib.
1543 4758 1586 4817 26,
1599 4769 1626 4824 p.
1641 4755 1702 4824 339,
1715 4763 1772 4808 tum

173 4842 261 4895 Gonu.
275 4841 408 4908 ll-Hoeo
424 4839 514 4908 habes]
537 4839 609 4890 Fort.
627 4832 720 4890 :Huic
741 4833 819 4886 dobes
835 4832 951 4886 vicinam
995 4851 1073 4902 quam
1098 4833 1217 4904 plurimae
1239 4831 1336 4885 codicis
1359 4831 1491 4885 Theodos.
1521 4835 1727 4889 constitutiones,
1757 4859 1769 4882 s

178 4918 311 4976 Tusciam
995 4912 1082 4965 Gonu.
1098 4909 1294 4982 ll-St'rmium]
1315 4910 1398 4980 Syrmi
1411 4909 1471 4964 cod.
1484 4911 1514 4964 B.
1530 4935 1541 4957 ι
1554 4912 1679 4964 Noricum
1703 4913 1771 4968 Pau·

208 5002 225 5068 ς
239 4998 273 5051 56
287 5001 320 5052 Α.
336 4996 500 5052 Medicinam
513 4994 575 5050 cod.
586 4995 598 5064 ll
608 4995 671 5045 -B
684 5009 690 5044 ε
701 5009 780 5063 quam
790 4992 948 5064 plurimae...
996 4990 1081 5041 noniae
1094 4987 1224 5040 accenseri
1237 4985 1355 5042 observa.
1373 4989 1439 5040 Sane
1458 4998 1485 5058 et
1502 4989 1528 5039 in
1549 4989 1647 5042 Notitia
1664 4993 1770 5062 Imperii

173 5075 241 5130 wude
252 5073 320 5127 enim
377 5075 509 5128 intentam
567 5071 684 5144 possidet
697 5070 819 5123 maximae
832 5067 949 5138 codss-
994 5067 1120 5120 Noricum
1132 5066 1181 5118 sub
1194 5065 1286 5118 eodem
1302 5065 1368 5118 duee
1380 5067 1521 5118 Pannoniae
1532 5067 1622 5137 primae
1634 5067 1770 5121 constitui·

167 5153 254 5230 ,trjm
267 5153 318 5224 rei]
333 5153 485 5223 [egendum
498 5153 618 5222 suspicor
630 5147 791 5222 haruspices.
994 5155 1047 5200 tur.
1062 5169 1074 5192 ι
1090 5145 1179 5198 Gonu.
1195 5145 1205 5212 [Ι
1217 5173 1252 5186 -
1261 5145 1293 5198 In
1305 5145 1327 5196 B
1340 5163 1346 5198 :
1361 5143 1469 5216 Norico]
1492 5145 1606 5200 Noricus
1623 5145 1684 5201 cod.
1701 5147 1712 5216 l
1735 5175 1771 5188 —
