3884 5925
176 448 231 556 hc
367 549 373 562 ,
877 493 1068 554 miseram

97 621 157 699 (167)
172 627 295 695 Europen
310 623 390 678 ssuvio
404 620 530 677 dirimens
542 614 682 694 Asiamque
696 625 809 689 reflexo,

171 715 296 782 Europen
314 711 451 782 zephyris,
464 713 553 764 Asiam
566 711 616 762 sub
625 711 744 782 partibus
758 723 841 766 ortus.

102 842 105 848 .
171 799 300 851 Caucasiis
312 799 367 850 exit
380 795 454 866 cujus
464 795 521 849 fons
534 797 667 849 montibus
682 798 757 860 altis,

94 893 155 970 (ug)
172 901 307 936 murmure
320 902 380 936 cum
396 895 467 936 vasto
483 885 595 954 Scythiae
606 902 654 956 per
667 884 744 954 plana
756 883 869 939 refusus.

98 983 155 1032 655
171 972 248 1023 Hunc
263 982 350 1024 tamen
364 973 492 1025 immenso
505 982 651 1026 torrentem
665 973 775 1025 flumine
788 974 864 1026 vertit

170 1057 198 1108 in
215 1057 323 1126 glaciem
332 1057 425 1110 boreas
437 1057 571 1112 horrendo
583 1058 688 1111 flamine
698 1077 791 1113 saevus.

169 1145 229 1197 Heu
241 1145 349 1197 miseros
360 1144 497 1210 homines,
515 1144 633 1198 habitant
645 1146 691 1215 qui
705 1145 801 1199 finibus
813 1146 879 1209 illis,

94 1227 153 1304 (ott)
169 1249 229 1285 aero
239 1231 355 1285 damnati
365 1234 431 1284 tristi
442 1234 576 1304 nimioque
590 1234 690 1304 rigore,

168 1336 223 1389 quo
234 1329 345 1390 pereunt
355 1318 469 1389 pecudes
479 1321 576 1390 pariter
588 1318 731 1390 populique
744 1319 880 1383 virorum,

97 1421 154 1470 060
170 1410 196 1460 ni
215 1424 326 1477 propere
334 1405 454 1478 linquant
471 1423 518 1466 sua
532 1424 593 1459 rura
607 1405 757 1458 furentibus
774 1407 854 1458 euris.

92 1491 152 1566 (aar)
169 1495 203 1546 Hi
215 1493 316 1547 Tanain
329 1492 448 1544 habitant
459 1492 569 1544 fluxium
579 1509 661 1562 prope
670 1493 894 1544 Sauromatarum.

169 1581 219 1633 Cui
233 1591 296 1633 sunt
308 1581 386 1631 vicini
400 1579 475 1632 Sindi
487 1595 593 1649 quoque
606 1579 809 1648 Cimmeriiquc,

169 1677 228 1736 post
241 1666 289 1718 hos
301 1665 426 1729 Cercetii,
435 1662 511 1734 juxta
522 1682 588 1735 (quos
601 1667 707 1717 Axenus
720 1663 777 1716 altis

169 1751 277 1803 fluctuat
289 1749 438 1820 aequoribus
448 1769 454 1814 ς
466 1768 514 1802 nee
528 1766 581 1802 non
596 1751 734 1820 Orctaeque
746 1748 861 1813 feroces;

98 1843 154 1894 665
168 1846 194 1890 et
203 1837 248 1907 qui
256 1833 377 1903 Trojano
386 1845 446 1907 post
456 1834 543 1905 prelia
553 1835 635 1904 gentis
646 1834 751 1898 Achaei,

93 1916 154 1991 (⁰³5)
169 1923 306 1994 Ascalaphi
317 1924 385 1992 regis
400 1923 516 1974 victricia
525 1922 598 1992 signa
607 1930 755 1992 sequentes,

75 2017 76 2020 ’
169 2011 277 2082 dispulsi
287 2013 370 2062 ventis
380 2012 440 2062 istas
453 2027 547 2062 venere
556 2009 605 2061 sub
617 2027 685 2061 oras.

170 2103 231 2153 Post
244 2099 293 2151 hos
305 2097 451 2162 Heniochi,
465 2098 554 2166 genuit
565 2113 632 2166 quos
645 2097 746 2149 Gracia
761 2093 849 2160 tellus;

169 2197 196 2239 et
206 2187 278 2256 Zygii
288 2184 364 2255 juxta
378 2185 469 2236 vivunt
479 2184 585 2254 regione
596 2183 645 2236 sub
657 2200 719 2235 una.

11 2289 13 2294 “
98 2277 155 2328 670
170 2273 265 2324 Intima
274 2270 320 2322 sed
333 2270 409 2323 Ponti
417 2309 425 2334 ,
436 2279 496 2339 post
505 2267 570 2322 fines
578 2266 807 2340 Tyndaridarum,

172 2359 282 2429 AEgypto
292 2359 363 2410 missi
376 2356 466 2410 Colchi
480 2367 589 2409 tenuere
599 2356 685 2409 coloni
694 2395 703 2421 ,

97 2441 156 2518 (stol
171 2447 289 2499 Caucasis
303 2444 399 2498 montis
409 2462 493 2518 prope
504 2442 597 2496 collem
609 2453 635 2496 et
651 2444 744 2514 Caspia
753 2442 828 2514 pomi

171 2531 266 2584 litora:
282 2548 334 2601 qua
345 2529 440 2582 celeres
449 2529 612 2582 descendunt
624 2528 750 2582 Phasidos
762 2527 858 2589 unde,

171 2619 335 2690 OErcaensque
345 2628 433 2670 secant
446 2636 552 2690 campos
564 2629 643 2688 atque
654 2635 759 2688 aequora
771 2617 866 2680 Ponti,

100 2712 156 2764 675
172 2707 287 2758 nascitur
298 2707 413 2759 Armenii
426 2706 520 2758 fluvius
529 2705 574 2776 qui
587 2707 682 2757 vertice
695 2704 803 2756 inontis.

172 2790 213 2844 Ad
223 2789 298 2860 cujus
314 2802 400 2864 partes
409 2790 502 2843 boreas
513 2801 538 2844 et
552 2791 612 2842 solis
624 2788 757 2854 adortus,

171 2880 304 2932 Euxinum
314 2879 442 2930 dirimens
451 2889 478 2932 et
491 2879 585 2949 Caspia
597 2879 673 2930 litora
682 2877 747 2940 late,

96 2960 156 3039 (ott)
172 2966 284 3019 diffusus
302 2969 415 3037 spatium
427 2965 590 3037 perlongum
602 2966 728 3037 panditur
741 2966 861 3028 isthmos,

173 3070 251 3122 quem
265 3051 341 3122 juxta
352 3062 435 3105 terras
451 3052 570 3104 habitant
585 3053 692 3104 orientis
705 3050 810 3114 Iberes,

102 3144 158 3193 680
173 3138 319 3208 Pyrrheum
333 3136 467 3207 quondam
482 3136 550 3189 celso
564 3140 608 3207 qui
620 3148 709 3189 monte
723 3136 827 3200 relicto,

174 3224 228 3276 hue
239 3223 403 3276 advenerunt
416 3224 544 3293 Hyrcanis
556 3222 621 3275 bella
636 3220 756 3277 ferentes·

97 3302 157 3379 (τυυ)
174 3311 225 3362 Hic
239 3310 430 3362 Camaritarum
444 3327 506 3379 gens
515 3319 568 3373 est,
582 3309 713 3361 carissima
729 3308 839 3361 baccho.

97 3392 158 3469 (707)
175 3393 309 3445 Fluctibus
319 3393 386 3444 hanc
400 3403 508 3463 propter
519 3391 638 3463 persevit
648 3392 757 3461 Caspius
770 3401 862 3450 aestus,

98 3484 158 3557 (tta)
176 3478 292 3548 undique
306 3495 385 3548 quem
398 3478 471 3531 tereti
483 3476 616 3529 concludit
628 3478 744 3547 margine
753 3476 838 3529 tellus.

103 3570 159 3621 685
175 3562 224 3616 Sed
237 3581 309 3615 marc
323 3581 375 3615 non
391 3562 473 3615 valeat
486 3562 569 3614 tribus
581 3561 643 3614 illud
658 3561 791 3614 mensibus
803 3560 871 3624 ulla,

100 3644 159 3717 ltro)
175 3648 271 3701 scilicet
286 3650 460 3711 immensum,
476 3648 548 3701 navis
560 3648 671 3699 transire
684 3646 828 3717 profundo.

175 3736 233 3787 an
244 3744 331 3786 tamen
346 3734 449 3785 exacuit
459 3750 519 3803 pars
531 3750 583 3785 una
598 3733 648 3783 sub
660 3730 753 3785 axibus
765 3749 866 3802 aequor,

176 3840 227 3891 qua
240 3832 354 3874 tractum
368 3820 464 3890 refugae
480 3821 603 3873 miscetur
613 3820 729 3891 Tethyos
739 3817 827 3873 undae.

177 3908 259 3961 lllulta
272 3907 380 3979 quidem
391 3916 496 3977 generat
508 3908 573 3959 vivis
587 3906 711 3961 miracula
722 3924 829 3969 rerum,

105 3998 162 4049 690
176 3995 223 4048 sed
235 4006 323 4049 tamen
334 3996 437 4065 egregio
450 3995 562 4065 crystalli
576 3992 693 4067 pondere
707 4010 848 4062 gemmam,

177 4093 267 4153 atque,
281 4082 363 4135 malos
373 4082 486 4135 lemures
501 4080 574 4152 quod
586 4080 659 4152 pellit
670 4097 785 4142 munus,
799 4080 883 4150 iaspin
894 4118 902 4143 ,

99 4162 162 4244 (trs)
178 4172 300 4223 nocturni
313 4187 401 4222 manes
412 4169 523 4239 fugitant
536 4186 615 4239 quam
630 4168 746 4220 membra
757 4176 883 4221 tuentem.

178 4260 236 4310 Hoc
246 4259 326 4326 igitur
340 4256 510 4327 pelagioque
522 4266 610 4323 gentes
619 4254 737 4324 undique
748 4256 875 4323 cingunt,

177 4344 305 4414 incipiens
318 4358 452 4394 numerem
465 4340 558 4413 primis
573 4339 702 4410 aquilonis
712 4338 746 4391 ab
759 4338 830 4403 oris,

106 4436 162 4488 695
178 4447 237 4500 quae
248 4438 356 4498 vergunt
367 4427 496 4499 zephyro,
512 4444 577 4496 quas
588 4427 680 4497 Caspia
693 4426 769 4478 litora
783 4423 919 4479 claudunt.

177 4516 259 4570 Primi
268 4524 330 4567 sunt
343 4513 454 4585 Scythiae
466 4512 574 4583 populi,
588 4512 710 4565 Saturnia
716 4510 792 4581 juxta

103 4604 163 4680 (sss)
178 4620 284 4673 aequora
296 4602 410 4653 viventes
422 4600 589 4673 Hyrcanique
601 4594 668 4651 ostia
679 4597 763 4669 ponti.

178 4691 253 4755 Quos
266 4705 345 4759 supra
356 4686 468 4758 gryphes
479 4686 608 4738 ditissima
623 4703 687 4738 rura
700 4682 855 4753 smaragdo,

178 4774 281 4844 qualem
290 4791 344 4825 non
357 4772 421 4825 alius
433 4782 562 4825 terrarum
575 4770 691 4841 possidet
704 4770 794 4831 orbis,

108 4860 164 4915 700
179 4870 256 4929 atque
267 4876 360 4912 aurum
370 4858 475 4911 sibimet
489 4854 634 4910 defendunt
645 4855 762 4929 pondere
772 4870 855 4925 puro;

178 4946 267 4997 omnia
277 4942 321 4996 sed
334 4943 386 4995 diri
395 4961 521 5014 superans
534 4942 643 4995 audacia
654 4941 719 4994 lucri

178 5030 302 5083 mrorsm
312 5029 430 5082 volucres
444 5018 496 5081 heu
514 5039 663 5082 commovet
675 5039 748 5080 arma
763 5026 881 5078 virorum
897 5043 903 5077 ι

179 5116 270 5188 proelia
280 5133 340 5167 nam
353 5114 451 5168 faciunt
465 5116 595 5185 Arimaspi
610 5112 752 5185 gryphibus
762 5112 859 5165 hostes.

180 5204 230 5255 Hic
244 5211 270 5254 et
280 5200 391 5271 crystalli
405 5200 516 5272 pellucet
527 5203 640 5255 maxima
655 5200 745 5255 moles.

106 5294 165 5353 705
180 5290 249 5343 Hinc
261 5286 370 5360 Thynos
382 5290 509 5359 sequitur.
522 5292 585 5343 Post
594 5288 668 5343 fortis
683 5288 772 5360 Caspia
791 5286 888 5358 proles.

997 627 1067 678 Hinc
1083 635 1145 678 sunt
1159 625 1255 681 Albani
1266 623 1377 681 bellaces
1387 626 1473 678 Marte
1482 623 1583 690 feroci,
1792 617 1862 694 (711)

997 711 1068 764 unde
1082 731 1158 765 canes
1174 715 1229 767 nati
1247 723 1372 784 superant
1381 730 1464 782 genus
1478 731 1557 766 omne
1568 712 1705 778 fetarum

997 815 1106 866 magnus
1120 799 1267 852 Alexander
1281 799 1390 858 missum
1406 799 1457 852 sibi
1472 798 1573 853 viderat
1583 797 1647 855 inde

998 885 1122 935 victorem
1136 883 1260 955 barrique
1272 901 1364 937 canem
1381 883 1519 954 rapidique
1533 883 1624 937 leonis.

995 969 1058 1020 Post
1071 967 1119 1020 bos
1133 968 1246 1031 Cadusi,
1264 968 1403 1022 durissima
1417 987 1480 1022 rura
1492 969 1622 1032 colentffir
1793 965 1855 1018 5¹⁰

995 1063 1022 1105 et
1033 1071 1116 1125 prope
1128 1069 1190 1107 sunt
1204 1055 1308 1126 Mardi,
1321 1055 1493 1128 sequiturque
1509 1057 1641 1128 Hyrcania
1651 1055 1752 1128 plebes.

996 1143 1065 1194 Hinc
1083 1145 1181 1212 Apyri,
1195 1161 1243 1214 per
1255 1161 1321 1213 quos
1332 1143 1441 1196 Mardtts
1450 1143 1598 1197 devolvitur
1610 1145 1697 1197 amuis
1714 1160 1722 1196 ι

996 1230 1141 1281 Dercebius
1152 1230 1220 1282 bibit
1234 1230 1306 1282 hunc
1319 1233 1582 1300 praeterBactnrsque
1596 1229 1734 1294 fluentem,
1768 1283 1772 1291 ,

996 1332 1044 1384 per
1055 1333 1122 1385 quos
1135 1317 1287 1386 Hyrcanum
1303 1333 1412 1368 currens
1429 1315 1566 1369 descendit
1579 1317 1608 1368 in
1618 1333 1720 1388 aequor.
1793 1311 1859 1382 (rin)

996 1400 1047 1453 Sed
1057 1402 1141 1454 Bactri
1156 1403 1249 1456 mediis
1262 1403 1380 1456 habitant
1389 1401 1488 1456 telluris
1501 1405 1529 1456 in
1538 1404 1624 1467 arvis,
1793 1406 1855 1457 715

996 1490 1151 1541 Parnessum
1161 1488 1210 1542 late
1223 1507 1306 1560 prope
1319 1500 1436 1543 montem
1450 1507 1512 1542 rura
1524 1500 1657 1556 tenentem

996 1575 1117 1627 Dercebii
1131 1593 1192 1628 vero
1205 1577 1255 1629 sub
1266 1579 1360 1648 Caspia
1369 1578 1447 1631 litora
1460 1588 1584 1645 vergunt.

997 1664 1059 1714 Post
1073 1663 1119 1714 hos
1131 1665 1280 1733 Massageta
1293 1666 1477 1718 transflumen
1490 1666 1599 1729 Araxis,
1612 1663 1648 1718 ad
1661 1675 1750 1722 onum

997 1747 1144 1818 hospitibus
1159 1750 1219 1801 saevi
1233 1752 1336 1802 cunctis
1350 1749 1473 1820 belloque
1485 1750 1585 1805 feroces
1600 1767 1608 1802 z
1792 1742 1858 1817 (710)

997 1851 1050 1883 non
1064 1834 1156 1886 bacchi
1167 1833 1284 1898 donum,
1297 1837 1400 1889 fereris
1413 1855 1463 1890 nec
1475 1853 1587 1890 munera
1600 1846 1711 1901 norunt,
1793 1841 1853 1888 720

997 1919 1042 1970 sed
1054 1919 1093 1972 lac
1104 1922 1278 1974 commixtum
1287 1932 1380 1992 potant
1392 1939 1454 1976 cum
1467 1924 1710 1992 sanguineequino.

997 2006 1052 2058 Hos
1059 2005 1135 2074 juxta
1147 2007 1253 2058 boream
1265 2008 1348 2076 vergit
1358 2007 1512 2062 Chorasmia
1524 2009 1620 2078 proles.
1792 1998 1857 2075 (⁷⁴⁶)

997 2089 1106 2160 Sugdias
1118 2092 1186 2144 hanc
1195 2094 1325 2162 sequitur,
1338 2093 1445 2164 rapidus
1459 2112 1538 2164 quam
1553 2093 1647 2148 dividit
1658 2098 1750 2160 Oxus,

998 2177 1131 2228 Emodum
1144 2187 1262 2231 montem
1273 2179 1319 2249 qui
1331 2178 1454 2249 linquens
1466 2179 1580 2250 Caspida
1593 2183 1704 2251 rumpit.

998 2263 1063 2315 Inde
1077 2265 1147 2317 Sace
1164 2267 1276 2320 nimium
1287 2267 1369 2318 certis
1380 2285 1443 2335 gens
1457 2268 1525 2320 mira
1534 2270 1652 2336 sagittis,
1793 2269 1853 2322 tas

998 2351 1096 2404 flumen
1107 2353 1321 2423 Iaxartemjuxta
1332 2355 1429 2424 quibus
1441 2371 1504 2408 arra
1515 2355 1652 2422 coluntur3
1755 2391 1759 2397 ·
1798 2355 1859 2429 yso)

997 2447 1023 2489 et
1035 2437 1148 2492 Tochari
1162 2439 1310 2511 Phnrrique
1320 2451 1347 2494 et
1354 2440 1469 2510 plurima
1480 2440 1560 2494 millia
1570 2442 1664 2496 Serum
1681 2462 1689 2499 :

997 2524 1047 2578 illis
1060 2526 1129 2578 nulla
1139 2527 1235 2592 boum,
1246 2529 1404 2600 pecorisncc
1412 2546 1509 2599 pascua
1518 2547 1603 2592 curre,

998 2611 1111 2664 restibus
1122 2623 1243 2676 utuntur,
1259 2624 1352 2668 texunt
1362 2632 1427 2686 quas
1438 2615 1547 2668 floribus
1555 2617 1620 2686 ipsi.
1728 2653 1731 2661 ·
1805 2635 1818 2674 7
1835 2639 1846 2650 ·

998 2715 1064 2768 quos
1075 2710 1183 2752 tenuant
1195 2700 1274 2754 lectos
1289 2700 1398 2755 desertis
1408 2701 1504 2755 linibus
1518 2702 1579 2774 ipsi.
1660 2750 1664 2757 .

998 2791 1046 2840 Ast
1058 2786 1107 2840 alia
1121 2789 1232 2858 Scythiae
1244 2808 1306 2858 gens
1317 2801 1356 2844 est
1368 2802 1485 2843 extrema
1495 2807 1629 2861 pererra,
1697 2850 1699 2853 ,
1756 2832 1758 2837 -

998 2891 1064 2943 quos
1077 2892 1160 2945 prope
1171 2887 1234 2928 sunt
1247 2877 1333 2930 tristes
1345 2879 1428 2931 rent'u
1437 2888 1464 2930 et
1475 2876 1572 2948 frigore
1582 2888 1677 2934 terrae:
1724 2920 1728 2942 2

998 2978 1112 3031 namque
1123 2961 1195 3015 nives
1206 2980 1311 3034 semper
1321 2961 1426 3035 pulsant
1439 2964 1486 3017 has
1496 2964 1625 3035 grandina
1640 2966 1739 3022 mixtar-
1796 2962 1860 3039 (rto)

998 3047 1107 3117 faspius
1119 3045 1159 3099 bis
1172 3048 1276 3118 populis
1287 3049 1413 3103 lustratur
1425 3060 1522 3120 pontus
1533 3062 1560 3107 et
1573 3052 1638 3105 oris.
1759 3093 1773 3118 ⁴.
1800 3107 1803 3112 ⁴

1033 3133 1123 3203 Aspice
1134 3144 1194 3204 post
1205 3135 1317 3187 Colchos
1331 3153 1403 3189 nunc
1416 3147 1443 3188 et
1456 3147 1516 3209 post
1523 3137 1646 3193 Phasidis
1657 3138 1769 3205 undas,¹
1795 3122 1854 3195 7³5

999 3234 1121 3270 occasum
1132 3238 1233 3284 versus,
1245 3220 1358 3292 populos
1372 3222 1399 3276 in
1412 3221 1488 3275 litore
1504 3224 1584 3275 Ponti

944 3344 947 3353 .
999 3304 1095 3355 Euxini
1109 3302 1206 3356 densos
1220 3323 1303 3377 usque
1314 3306 1348 3359 ad
1360 3306 1532 3361 Chalcedonis
1542 3326 1619 3371 arva,
1666 3364 1671 3370 ,

998 3389 1131 3460 Bosporus
1142 3400 1262 3458 angustat
1273 3392 1387 3462 scopulis
1399 3410 1458 3462 quae
1470 3392 1598 3447 Thracius
1611 3408 1718 3463 urgens.

999 3475 1108 3544 Byneres
1122 3476 1216 3545 primi,
1227 3476 1378 3546 quosjutta
1388 3488 1458 3530 terra
1469 3480 1621 3554 Bechirum.
1797 3469 1860 3546 (⁷⁶⁵)

999 3560 1136 3612 Macrones
1151 3572 1212 3631 post
1225 3560 1274 3615 hos
1289 3564 1397 3632 pariter,
1414 3562 1583 3633 Philyresque
1596 3575 1770 3633 sequunturr
1797 3571 1854 3621 740

983 3647 1181 3717 .Μοεεγιιίᾳιιε,
1194 3648 1288 3701 domos
1299 3648 1416 3719 prebent
1427 3651 1486 3720 quis
1496 3650 1580 3721 lignea
1589 3661 1672 3715 tecta,

999 3732 1117 3785 turribus
1129 3732 1245 3787 arboreis
1258 3734 1422 3799 habitantes,
1438 3733 1510 3787 unde
1524 3747 1660 3790 vocantur.

1001 3818 1070 3869 Hinc
1082 3835 1208 3888 pecorum
1220 3818 1293 3871 dives
1304 3821 1416 3873 nimium
1428 3838 1493 3890 gens
1504 3832 1542 3873 est
1553 3821 1727 3875 Tibarenum.

1000 3905 1075 3956 Hanc
1089 3922 1171 3976 prope
1179 3917 1241 3958 sunt
1250 3906 1395 3977 chalybe,
1408 3907 1549 3961 durissima
1563 3924 1625 3963 rura
1636 3909 1752 3963 colentes
1768 3924 1776 3965 t

1000 4008 1066 4059 quos
1076 3990 1150 4043 labor
1158 4003 1263 4045 exercet
1271 4011 1353 4046 saevtts
1367 3994 1482 4065 ferrique
1497 3994 1607 4052 metalla.
1799 3994 1855 4047 tas

1000 4076 1110 4128 Vicinos
1122 4078 1178 4130 istis
1187 4096 1294 4149 campos
1306 4088 1456 4149 terramque
1469 4091 1601 4151 patentem
1799 4070 1859 4140 l⁷²¹l

1001 4164 1101 4233 Assyrii
1113 4163 1245 4235 complent
1257 4164 1422 4237 populi,qua
1434 4169 1535 4236 gurgite
1550 4178 1622 4222 casto

1001 4250 1069 4301 inter
1087 4249 1258 4303 Amazonidas
1273 4252 1457 4318 Thermodon,
1470 4256 1581 4308 Martius
1592 4257 1676 4309 amnis
1724 4253 1742 4331 ξ

1001 4336 1157 4388 Armenium
1171 4335 1291 4407 linquens
1306 4350 1422 4391 montem
1435 4339 1570 4393 descendit
1579 4344 1607 4393 in
1616 4360 1717 4412 equor.

1002 4422 1062 4473 Huc
1076 4422 1143 4474 Asiae
1152 4421 1287 4492 quondam
1301 4423 1407 4478 devenit
1419 4424 1524 4478 alumna
1533 4428 1639 4499 Sinope,
1800 4430 1856 4479 750

1002 4527 1034 4561 cx
1047 4527 1098 4580 qua
1109 4528 1255 4580 cognomen
1267 4523 1395 4583 ceperunt
1407 4515 1503 4567 moenia
1515 4513 1593 4567 clara.
1797 4508 1858 4577 lm)

1002 4595 1074 4647 Illius
1084 4596 1157 4648 fluvii
1169 4596 1267 4666 rigidas
1278 4615 1361 4668 prope
1373 4599 1469 4667 frigore
1479 4600 1549 4669 ripas

1003 4682 1118 4735 invenies
1129 4684 1242 4757 lapidem
1253 4686 1381 4755 crystalli,
1394 4685 1510 4757 pondere
1524 4704 1609 4756 puro,

1002 4768 1216 4840 consimilemque
1226 4769 1299 4839 gelu,
1317 4789 1366 4823 nec
1379 4790 1433 4823 non
1446 4770 1585 4842 splendore
1600 4774 1691 4827 nitenti
1698 4794 1708 4839 3

1003 4871 1105 4922 gemma
1118 4856 1216 4907 micans
1230 4856 1282 4908 illic
1294 4856 1406 4925 pellucet
1419 4856 1524 4928 iaspidis
1543 4858 1617 4913 albae.
1799 4855 1858 4906 765

1003 4941 1052 4992 Iris
1066 4942 1192 4993 continuo
1203 4941 1318 5012 liquidus
1331 4942 1449 4997 decurrit
1467 4945 1494 4997 in
1504 4964 1604 5017 aequor.

1002 5037 1061 5098 post
1072 5026 1151 5096 Halys
1160 5036 1186 5079 et
1198 5027 1305 5092 fluvius,
1318 5028 1404 5081 borcae
1413 5032 1457 5100 qui
1472 5032 1558 5085 currit
1571 5034 1597 5084 in
1610 5044 1715 5096 ortus„
1802 5030 1864 5108 (tas)

1003 5124 1081 5183 atque
1090 5111 1252 5165 Carambidis
1265 5113 1387 5184 irrumpit
1398 5133 1480 5186 prope
1493 5114 1569 5170 litora
1580 5119 1712 5182 Pontum,

1004 5200 1135 5252 Armeniis
1145 5198 1242 5269 primas
1255 5200 1300 5269 qui
1313 5201 1447 5253 montibus
1458 5203 1553 5272 accipit
1566 5202 1661 5257 undas.

980 5275 984 5315 ¹
1004 5283 1181 5357 Paphlagones
1190 5297 1251 5357 post
1262 5284 1311 5339 hos
1324 5287 1542 5359 Mariandyniqne
1553 5301 1710 5360 sequuntur,
1802 5302 1861 5353 τοο
