3884 5925
174 537 179 547 ⁸
230 460 291 522 ιιι
902 434 1166 515 ιιιοιψνιοιτ.

229 576 536 649 Ίνδθςκατιναντίονσῆς
550 573 679 654 Ἐρυθρᾶς
693 572 825 646 θαλάσσης
838 573 1007 654 κατάρχεται,
1052 579 1124 652 κῦμα
1132 576 1178 645 τῆς
1192 572 1319 653 Ἐρυθρᾶς
1332 573 1466 647 θαλάσσης
1476 571 1506 634 τθ
1517 571 1631 648 νύτισν,θ
1644 570 1671 631 δέ
1681 571 1795 649 Γάγγης
1809 572 1845 637 τίς

227 668 312 749 ταχθν
326 670 387 749 ροῦν
402 665 476 745 ἐρθδν
490 665 534 723 ἐπί
552 662 625 721 νότον
641 661 765 735 ἐλαύνων,
779 663 889 721 ἀπὸτοῦ
909 662 1009 741 θθηλοῦ
1053 659 1100 732 τήν
1113 660 1253 733 ἀνατολήν,
1264 661 1310 719 καί
1324 666 1337 721 θ
1349 660 1488 727 Καύκασος
1502 662 1535 718 τά
1550 662 1657 739 ἀρκτῶα
1669 664 1714 726 ,τοῦ
1727 659 1845 735 vespm]

227 752 302 833 δροις
319 752 462 814 Καυκάσου
473 754 577 831 πρῶτον
595 748 746 830 ἀρξάμενος.
771 749 826 812 Δύο
846 751 873 810 δέ
888 751 1009 827 στύματα
1054 750 1132 829 μίρη.
1149 749 1203 809 Καί
1216 746 1316 821 ταύτην
1331 748 1378 826 μέν
1392 748 1440 821 τήν
1453 747 1544 828 χώραν
1558 749 1651 806 πολλοὶ
1660 746 1705 806 καί
1716 744 1845 805 πλούσιοι

228 843 307 901 αὐτοῦ
322 842 487 919 ὑπάρχουσι,
504 837 588 915 μίσην
601 837 630 896 δέ
643 859 702 896 τινα
715 842 795 909 νῆσον
815 840 868 896 τῶν
887 837 933 896 δύο
946 860 1008 896 στο-
1053 836 1144 915 άνδρις
1166 841 1339 909 κατοικοῦσιν,
1362 840 1412 916 ούχ
1434 834 1569 915 ύμιύνυμοι
1594 838 1647 894 οὐδ’
1660 838 1727 911 δμῶ’
1751 834 1844 905 ὄντες,

227 928 320 1005 μάτων
330 920 564 1007 πίριρριῑ,ῆντινα
577 928 657 995 νῆσον
670 924 831 996 Παταλήνην
841 929 866 984 οί
876 924 1008 1004 άνθρωποι
1054 925 1111 984 ἀλλ’
1133 924 1314 1003 ἀμφοτίροιθτν
1340 923 1540 1005 κιχωρισμένοι.
1563 926 1599 985 Οἱ
1622 922 1669 999 μὲν
1691 922 1845 1001 Δαρόανὲες

226 1018 361 1075 καλοῦσιν.
376 1013 491 1079 Ἐκεῖνος
503 1012 531 1071 δέ
545 1014 559 1070 θ
576 1011 695 1088 ποταμδς
708 1014 812 1072 πολλῶν
827 1014 927 1091 ἀνδρῶν
947 1012 1008 1083 ίθνη
1052 1010 1160 1089 ίγγιστα
1170 1017 1215 1070 τοῦ
1226 1011 1348 1089 μεγίστου
1361 1012 1407 1071 καί
1419 1012 1528 1091 ἀπείρου
1541 1012 1621 1072 Ἰνδοῦ
1633 1016 1772 1087 ποταμοῦ,
1787 1008 1844 1068 ῶτιν

225 1102 387 1182 διαχωρίζιι·
406 1099 452 1160 καί
475 1100 524 1177 μὲν
539 1097 584 1159 ἐπί
597 1097 645 1168 τήν
665 1098 738 1157 δύσιν
750 1104 797 1157 τοῦ
814 1099 889 1169 ήλίου
908 1097 966 1165 τούς
980 1121 1008 1157 τε
1052 1098 1211 1169 ύὛδάσπης
1224 1098 1379 1177 ναυσίπορος
1389 1098 1562 1176 ποταμθςτδν
1573 1098 1706 1169 Ἀκεσίνην
1716 1098 1843 1170 ποταμθι

225 1188 330 1269 Ὠρίτας
344 1187 389 1247 καλ
408 1186 525 1266 ’λραύας
538 1185 584 1245 καί
604 1182 663 1252 τοθς
677 1186 750 1251 λινᾶς
771 1186 882 1265 χλαίνας
900 1185 1009 1265 ίχσντας
1053 1184 1105 1244 ἀπὸ
1118 1188 1169 1243 τῶν
1182 1186 1288 1265 ὑψηλῶν
1301 1186 1437 1245 σιτοπτλων
1449 1185 1591 1265 συράμινον
1602 1184 1763 1263 ιίσδίχεται.
1780 1182 1844 1243 Ἐπί

224 1275 376 1355 ’λραχύτας
397 1275 443 1333 καί
462 1272 521 1339 τούς
543 1268 710 1351 Σατραίδας,
724 1273 770 1332 καί
792 1272 867 1341 δοους
880 1273 953 1354 παρά
975 1278 1008 1352 τῇ
1052 1270 1151 1338 τούτοις
1165 1270 1192 1329 δέ
1205 1271 1275 1329 καλθ
1290 1271 1388 1351 Κύφης
1398 1272 1516 1350 ποταμὸς
1532 1274 1546 1329 θ
1561 1270 1631 1331 καλά
1645 1271 1842 1351 συστρέμματα
1933 1320 1934 1323 ¹

224 1363 302 1443 ἐξοχῆ
323 1367 368 1422 τοῦ
384 1359 557 1442 Παρικανίων
579 1358 670 1439 ύρσος,
686 1358 729 1427 οθς
749 1358 849 1428 πάντας
869 1361 908 1419 ἐνί
930 1364 1008 1441 κοινῷ
1052 1356 1120 1437 ἔχων
1134 1360 1314 1417 ἐπακολουθεῖ.

224 1446 615 1528 δνύματιἈριηνοθςλίγουσιν.
635 1446 694 1504 Οθκ
706 1445 850 1525 ἐπίραστον
861 1444 889 1503 δὲ
903 1446 948 1505 καί
959 1470 1009 1506 κα·
1093 1465 1230 1506 νισι-αισι.
1254 1444 1343 1506 Μίσον
1356 1444 1384 1506 δέ
1399 1449 1451 1505 τῶν
1464 1450 1590 1525 ποταμῶν
1600 1447 1731 1508 τούτωντί
1749 1444 1842 1507 Σάύαι

223 1540 272 1609 λῆν
284 1542 434 1597 κατοικοῦσι
446 1534 546 1616 χώραν,
556 1536 621 1593 ἀλλ’
634 1532 685 1591 θπδ
699 1537 732 1613 τῇ
746 1534 830 1613 λιπτῆ
842 1534 946 1615 ψάμμῳ
960 1533 1007 1592 καί
1050 1537 1203 1592 κατοικοῦσι
1218 1534 1263 1592 καί
1276 1536 1302 1593 σί
1315 1533 1424 1606 τοξίλοι,
1438 1536 1515 1595 οίσνιὶ
1534 1537 1558 1594 σί
1581 1533 1675 1603 τοξικοί
1695 1532 1841 1613 ἀνδρες,ῆ

222 1626 276 1693 τοῖς
301 1624 392 1684 δασίσι
411 1622 518 1699 θάμνοις
537 1618 697 1691 πλήθουσαν·
720 1623 779 1680 ἀλλ’
792 1621 864 1697 ύμως
887 1624 1008 1698 ἐπαρκιῖς
1050 1618 1119 1679 ούτω
1143 1620 1298 1699 καλούμινοι
1321 1619 1440 1699 Τοξίλοι·
1456 1622 1546 1703 ἐφεξῆς
1565 1624 1592 1682 δέ
1613 1622 1695 1682 καλοί
1709 1624 1838 1702 Σκόδρα.

222 1710 269 1770 ααλ
281 1709 371 1771 ίκαναλ
384 1714 430 1769 τοῦ
447 1708 505 1788 βίου
516 1707 569 1773 τοῖς
582 1706 727 1788 ἀνθρώποις
735 1708 800 1767 ιίσίν
809 1708 863 1768 θδοὶ
872 1710 917 1767 καί
928 1708 1007 1767 σίλλαι
1052 1706 1241 1769 Ἐπσκολουθιῖ
1260 1706 1288 1768 δέ
1311 1709 1357 1768 καὶ
1374 1711 1408 1769 τά
1429 1710 1508 1790 άγρια
1531 1709 1685 1791 ῆβάρύαρα
1706 1710 1773 1783 ἔθνη
1790 1714 1839 1768 τῶν

222 1797 338 1879 πολλαί,
353 1798 432 1856 ἄλλον
447 1797 475 1855 δέ
497 1797 608 1854 πλοῦτον
630 1796 716 1862 αύτοῐς
730 1795 860 1876 άρθαρτον
874 1794 1005 1879 κομίζειὴ
1050 1794 1219 1859 Παυκανίων.
1241 1796 1319 1857 Mu&
1340 1795 1487 1865 τούτουςδέ
1504 1803 1528 1858 σί
1542 1803 1589 1857 τοῦ
1607 1797 1734 1859 Διονύσου
1760 1797 1839 1877 θάρσ-

221 1889 271 1964 χῆ·
284 1890 423 1963 πανταχοῦ
435 1882 487 1961 γάρ
504 1886 550 1941 τοῦ
564 1883 670 1962 ἐρυθρῶ
684 1880 806 1962 κοραλίου
819 1885 833 1941 θ
846 1881 915 1948 λίθος
930 1880 1003 1953 ἐστί,
1051 1904 1142 1951 πονττς
1161 1884 1323 1965 Γαργαρίδαι
1346 1890 1522 1957 κατοικοῦσιν,
1545 1884 1764 1964 θπιρύαλλάντιις
1790 1886 1840 1964 γδρ

221 1975 360 2052 πανταχοῦ
384 1970 412 2031 δέ
433 1967 484 2028 θπθ
505 1969 564 2034 ταῖς
587 1970 695 2048 πέτραις
718 1970 746 2026 αί
768 1968 861 2048 φλέύις
883 1969 1005 2027 ὠδίνουσι
1051 1971 1144 2030 ἐκεῖνοι
1158 1970 1203 2030 τθν
1219 1974 1345 2032 Διόνυσον
1361 1974 1482 2051 τιμῶσιν·
1497 1970 1562 2032 ὅπου
1584 1972 1631 2043 τήν
1652 1972 1781 2043 ποικίλην
1796 1980 1840 2032 τοῦ

221 2059 270 2133 τήν
286 2056 371 2131 καλῆν
384 2056 538 2137 πλάκατῆς
551 2077 579 2112 τι
594 2054 766 2134 χρυσιζούσης
780 2054 826 2115 καί
843 2059 890 2126 τῆς
908 2060 1006 2129 κυανῆς
1048 2064 1148 2137 χρυσοῦ
1161 2060 1251 2139 γινιάν
1266 2058 1283 2131 ῆ
1296 2060 1326 2119 τθ
1340 2058 1468 2136 μίταλλον
1483 2064 1529 2119 τοῦ
1541 2064 1639 2141 χρυσοῦ
1652 2058 1839 2129 δτι-Ὕπανις

221 2144 485 2229 σαπφιίρουίδύοκαί
498 2143 550 2223 γάρ
559 2145 609 2202 τίσι
623 2142 711 2222 γίνη)·
722 2144 826 2212 τούτους
842 2142 869 2203 δέ
889 2143 1004 2220 ἀποτίμ·
1049 2144 1093 2219 [ἐς
1107 2148 1163 2208 ἐστι
1183 2148 1301 2225 ποταμὸς
1314 2152 1361 2221 τῆς
1376 2146 1509 2229 Σκυθίας]
1524 2149 1594 2207 καὶὸ
1609 2150 1761 2225 θαυμαστὸς
1778 2151 1836 2211 ηε.

220 2258 307 2304 νοντας
319 2234 367 2307 τήν
378 2234 505 2317 ιῦφέλιιαν
521 2233 567 2291 καί
580 2232 627 2305 τήν
643 2235 766 2314 εὐπορίαν
781 2237 827 2305 τῆς
841 2236 908 2304 ζωῆς
920 2256 1004 2313 προσ-
1047 2257 1143 2314 γαρσος
1155 2234 1242 2317 φάρει,
1255 2234 1448 2297 πλουσιώτατοι
1459 2235 1510 2315 γδρ
1524 2238 1618 2297 ἐκεῖνοι
1628 2239 1680 2297 τῶν
1694 2242 1835 2314 ποταμῶν,

220 2322 380 2405 πορίζονται.
1047 2320 1073 2379 σί
1087 2322 1139 2382 ἀπὸ
1153 2328 1199 2382 τοῦ
1213 2323 1339 2401 Ἠμωδοῦ
1350 2324 1425 2403 ύρους
1439 2324 1622 2405 διεγιιρύμενοι
1635 2324 1680 2384 ἐπὶ
1690 2324 1742 2396 τήν
1755 2328 1830 2403 Γαγ-

261 2434 392 2477 lum-111³.
416 2412 625 2494 Πρθςάνατολάς
636 2412 663 2473 δέ
674 2416 753 2485 ἡτῶν
763 2415 852 2475 Ἰνδῶν
865 2413 1004 2494 ἐπέραστος
1046 2406 1142 2485 Υθτῑδα
1160 2410 1250 2491 χώραν
1262 2412 1434 2493 προρρίουσι,
1445 2412 1591 2491 συρομίνην
1604 2411 1670 2491 πρθς
1688 2413 1762 2471 νότον
1775 2412 1836 2491 περί

219 2505 411 2580 γῆέκτιίνιται
431 2504 523 2561 πασῶν
544 2501 645 2581 ἐσχάτη
660 2501 720 2582 πιρί
733 2501 767 2559 τθι
779 2500 871 2580 χτιλη,
883 2500 940 2571 ήτοι
959 2499 1003 2558 τὸν
1046 2494 1080 2553 τθ
1095 2496 1196 2577 ἔσχατα
1218 2502 1270 2569 τῆς
1290 2499 1406 2566 ίίυιλίδος
1428 2502 1476 2577 γῆς
1494 2498 1535 2577 [ῆ
1555 2501 1613 2559 ἐστι
1626 2502 1704 2570 νῆσος
1724 2498 1792 2557 ὅπου
1817 2506 1834 2569 ή

220 2591 349 2668 αἰγιαλὸν,
362 2594 407 2649 τοῦ
421 2591 553 2662 ύκιανοῦ,
563 2591 620 2647 καθ’
630 2588 768 2660 ῆνθήλιος
779 2588 824 2649 ἐπί
832 2588 866 2647 τά
874 2589 927 2645 τῶν
937 2590 1002 2647 θεῶν
1046 2584 1185 2664 Ἀφροδίτη
1217 2588 1363 2667 τιμᾶται]
1382 2588 1435 2650 Καί
1457 2586 1523 2659 αδτή
1541 2586 1589 2664 μέν
1611 2588 1656 2647 ἐπὶ
1680 2587 1727 2647 τδν
1749 2591 1833 2668 βαθέα

218 2676 265 2736 καί
275 2676 417 2756 ἀνθρώπων
428 2675 494 2756 ἐργα
507 2676 691 2758 ἀνερχόμενος,
700 2676 832 2737 τουτίστιν
844 2673 1002 2746 ἀνατέλλων,
1046 2672 1237 2752 συστράμματα
1258 2674 1354 2755 ἐχοντα
1367 2676 1481 2735 ύκιανθν
1499 2675 1587 2757 θψηλή
1598 2676 1768 2755 προνίνιιικι,
1780 2688 1834 2745 τοῖς

219 2762 336 2841 πρώταις
350 2766 451 2822 ἀκτῖσιν
465 2763 620 2839 ἐπιλάμπει,
639 2763 692 2822 Διὰ
708 2768 784 2823 τοῦτο
805 2766 829 2821 οἱ
843 2761 900 2834 τὴνί
911 2759 1001 2841 χώραν
1045 2764 1152 2836 ταχίσιν
1166 2760 1263 2838 ύρνέθῑς
1277 2761 1435 2829 δυσάκῦατθς
1447 2754 1529 2823 οὖσα·
1543 2760 1587 2821 δῑθ
1600 2768 1677 2823 τοῦτο
1690 2764 1774 2825 καλοί
1789 2767 1833 2823 ἄν·

219 2849 319 2921 ἐκείνην
343 2852 522 2915 κατοικοῦντες
546 2846 580 2907 τδ
605 2846 717 2924 σώματα
740 2844 924 2922 μελαίνονται,
942 2848 1001 2907 λίαν
1046 2841 1256 2925 θρωποιἌορνιν
1280 2851 1361 2923 αὐτήν
1375 2852 1498 2911 καλοῦσιν
1519 2849 1537 2922 ῆ
1559 2848 1777 2923 ἐπιδοξάζονσιν,
1798 2855 1833 2919 ὡς

219 2934 397 3012 πιαινύμινσι,
417 2935 552 3016 ιύτραφιῖς
569 2934 597 2994 δέ
615 2935 708 3018 τρίχας
721 2933 812 3010 θμοίας
832 2938 871 3016 τῷ
888 2935 1002 3018 θακίνθῳ
1047 2932 1084 3010 μὴ
1100 2932 1211 3015 ίχουσαν
1223 2935 1293 3017 ύρνιν
1309 2938 1351 2997 διδ
1362 2937 1393 2997 τθ
1410 2938 1483 3019 θψος.

218 3022 265 3082 ἐπί
276 3023 334 3088 ταῖς
344 3023 469 3101 κεφαλαῖς
481 3025 566 3080 αὐτῶν
580 3023 696 3102 φέρουσι.
1087 3041 1216 3084 τιατ-νισι.
1238 3023 1370 3105 ’Υπάρχιι
1382 3026 1409 3085 δέ
1419 3027 1569 3104 θαυμαστάς
1580 3049 1619 3093 τις
1632 3023 1679 3085 καί
1690 3026 1777 3102 τίμιος
1786 3029 1831 3085 καί

259 3127 399 3169 ιιιι-ιιττ.
421 3109 483 3168 Τῶν
496 3108 586 3167 Ἰνδῶν
605 3108 632 3167 δέ
647 3112 672 3168 οἱ
691 3108 738 3184 μίν
760 3114 805 3167 τοῦ
830 3114 928 3188 χρυσοῦ
951 3109 1000 3188 μί-
1047 3109 1129 3184 μάγος
1142 3109 1220 3178 τύπος
1240 3111 1300 3192 πιρλ
1316 3112 1360 3172 τὸν
1379 3113 1448 3171 καλὰ
1464 3113 1582 3194 ριύματα
1601 3112 1697 3193 ίχοντα
1712 3113 1830 3190 Γάγγην,

219 3197 305 3254 ταλλα
337 3193 505 3274 ἐργάζονται,
530 3194 678 3270 ιθκαμπίσι
709 3193 852 3269 μακίλλαις
880 3195 929 3267 τήν
951 3200 1001 3273 γῆν
1044 3193 1467 3279 άνποτιθΒάιιχοςάργιζάμινος
1481 3199 1622 3275 ἐπάτησιν,
1636 3198 1680 3257 ὅτι
1691 3202 1718 3258 αί
1728 3200 1831 3258 ἁπαλαί

218 3281 396 3355 σκάπτοντες,
408 3277 432 3340 σί
445 3280 473 3340 δέ
484 3279 542 3348 τοδς
552 3282 582 3340 ἐκ
594 3286 640 3340 τοῦ
655 3281 727 3342 λίνον
745 3280 1001 3350 κατασκιυααθίντας
1044 3281 1089 3343 καί
1100 3284 1225 3366 τρυφαραί
1238 3289 1290 3345 τῶν
1303 3289 1417 3366 Βακχῶν
1429 3286 1545 3366 νεύρῑδις
1558 3289 1594 3355 τίς
1607 3286 1721 3354 ἀσπίδας
1731 3289 1831 3358 ἠλλάσ-

215 3366 304 3435 ίστοθς
315 3366 476 3449 ὑφαίνουσιν,
493 3368 517 3425 οί
531 3365 559 3426 δέ
572 3368 631 3438 τοθς
644 3367 752 3437 λευκούς
759 3368 865 3436 ὀδόντας
878 3371 930 3427 τῶν
940 3371 1001 3428 ἐλι·
1044 3392 1135 3444 σοντσ,
1150 3374 1174 3431 οἱ
1195 3371 1222 3432 δέ
1234 3374 1324 3452 θύρσοι
1338 3375 1375 3441 τίς
1388 3373 1506 3454 σίδηρον,
1522 3374 1567 3434 καί
1581 3375 1605 3432 οί
1623 3373 1710 3440 ἐλικες
1721 3377 1771 3444 τῆς
1782 3397 1829 3432 πο-

217 3455 322 3534 φάντων
331 3453 485 3534 πρισθίντας
499 3453 661 3531 ἀποξύσοσιν,
673 3457 749 3519 ἄλλοι
761 3456 789 3518 δέ
798 3457 842 3518 ίπί
855 3464 912 3523 ταῖς
924 3457 1001 3534 προό-
1044 3451 1197 3528 λοκαμποῦς
1211 3453 1331 3530 ἀμπίλου
1345 3455 1382 3520 τίς
1395 3451 1491 3531 ίλιγμα
1507 3451 1655 3532 δρακόντων
1665 3451 1712 3512 καί
1721 3455 1760 3518 εἰς
1773 3454 1829 3510 δια-

216 3543 269 3607 δοις
283 3539 300 3612 δ,
313 3541 432 3607 ἐκάσλαὶς
444 3543 498 3600 τῶν
510 3539 698 3622 ξηροποτάμων
711 3543 729 3615 ἢ
742 3542 790 3615 τήν
804 3543 917 3621 γλαυκὸν
930 3543 1000 3602 λίθον
1044 3537 1184 3614 ζύσματα,
1196 3539 1255 3599 τύτι
1267 3541 1309 3601 δτι
1323 3545 1382 3610 ταῖς
1395 3540 1553 3624 ἀφροσύναις
1572 3543 1658 3600 αὐτῶν
1674 3538 1723 3612 τήν
1737 3541 1827 3618 ἐοριήν

216 3631 264 3685 τοῦ
284 3623 440 3706 βηρύλλουῆ
451 3627 496 3687 τδν
516 3627 674 3705 τιμιώτατον
696 3629 741 3688 καί
754 3631 848 3709 διαυγῆ
860 3630 999 3706 ἀδάμαντα
1044 3627 1088 3682 τοῦ
1103 3629 1162 3684 θοοῦ
1182 3625 1325 3698 ἠτίμησαν.
1339 3627 1441 3688 Τούτου
1455 3627 1534 3708 χάριν
1549 3625 1597 3698 τήν
1613 3626 1662 3704 μίν
1675 3627 1735 3686 θδδν
1757 3629 1827 3686 Nuc-

215 3713 398 3792 ίχνιύουσιν,ῆ
417 3715 467 3787 τῆν
486 3718 596 3795 χλωρῶς
609 3716 789 3795 διασφάζαυσιι
802 3715 905 3793 ἴασπιν,
920 3715 997 3788 aaa}
1044 3705 1122 3769 α’σίαν
1139 3711 1278 3791 ἐκάλεσαν,
1293 3714 1408 3792 κοσμίως
1420 3715 1447 3774 δέ
1461 3715 1506 3774 καὶ
1521 3714 1703 3791 ἐπιστημόνως
1716 3713 1763 3772 σὺν
1776 3723 1827 3782 τοῖς

213 3801 258 3862 τδν
271 3801 386 3881 γλαυκὸν
399 3803 470 3863 λίθον
481 3808 526 3863 τοῦ
538 3805 738 3872 θαλασσοιιδοῦς
748 3803 880 3878 τοπάζου,
893 3802 938 3863 καλ
951 3803 998 3876 τήν
1042 3799 1106 3866 υίοῗς
1120 3801 1206 3858 σθτιῦν
1217 3800 1304 3860 πάντα
1318 3802 1440 3862 ίτίλασαν
1449 3800 1483 3861 τθ
1499 3803 1648 3882 μυστήρια,
1660 3800 1738 3860 θπύπ
1753 3802 1826 3868 αὗτθτ

213 3889 342 3969 γλοκιρδν
355 3888 501 3967 ἂμέθυστον
515 3889 621 3970 ήσύχως
633 3914 689 3958 πως
702 3890 748 3950 καί
763 3891 874 3972 μιτρίως
895 3914 997 3972 πορφυ-
1041 3884 1075 3944 τθ
1089 3885 1150 3958 ίθνη
1163 3891 1215 3946 τῶν
1233 3889 1353 3965 μιλάνων
1368 3888 1456 3951 Ἰνδῶν
1469 3887 1553 3950 ύλτσι
1572 3889 1682 3949 καὶτῶν
1697 3888 1826 3965 Ἠμωδῶι

213 3977 345 4056 ρίζσυσαν.
364 3978 419 4039 Καί
432 3978 485 4058 γάρ
498 3987 620 4038 παντοῖον
637 3982 751 4038 πλοῦτον
768 3983 821 4048 τοῖς
842 3981 995 4060 άνδράσινη
1042 3971 1109 4053 ἀρῶν
1125 3975 1225 4049 ἐπίὸη,
1245 3981 1291 4058 ἀφ’
1311 3967 1425 4038 ῶντινων
1450 3978 1517 4057 ἀρῶν
1539 3975 1618 4056 βάσιν
1639 3979 1655 4036 θ
1672 3975 1755 4055 μίγας
1771 3983 1826 4056 ῥοῦς

211 4069 247 4141 γῆ
268 4064 370 4132 ἀενάοις
391 4063 409 4136 ἢ
431 4074 485 4134 τοῖς
498 4067 540 4126 ἀεὶ
559 4066 644 4146 ρίουσι
663 4077 792 4145 ποταμοῖς
809 4068 872 4128 ἐνθα
891 4069 998 4128 κακαῖσι
1041 4064 1087 4121 τοῦ
1107 4063 1263 4124 ἀνατολικοῦ
1276 4065 1392 4124 ὠκεανοῦ
1406 4063 1523 4144 φίριται.
1536 4064 1642 4126 ’Exstat
1664 4063 1711 4125 δύο
1730 4067 1825 4137 στήλας

211 4151 373 4231 κατάρρυτος
387 4150 468 4220 αύξαι.
488 4150 601 4224 Ἀληθῶς
612 4153 640 4213 δέ
652 4153 698 4212 καὶ
711 4157 735 4214 οί
744 4156 885 4234 λειμῶνας,
899 4154 958 4225 ῆτοι
973 4159 997 4217 οί
1042 4149 1252 4231 περλτθίψτα
1260 4155 1306 4223 τῆς
1314 4155 1362 4230 γῆς
1373 4151 1472 4222 Μήσας
1480 4152 1582 4233 χαίρων
1593 4152 1638 4212 ἐπὶ
1648 4153 1694 4212 τθν
1704 4152 1825 4231 Ἰσμηνία

211 4238 380 4317 σπειρόμενοι
393 4240 486 4313 τύποι,
500 4247 554 4306 τοῖς
564 4240 668 4318 φύλλοις
679 4243 720 4300 ἀεί
735 4245 861 4319 κομῶσιν,
874 4242 934 4314 ήτοι
954 4245 996 4302 ιθ·
1041 4237 1170 4316 ποταμδν,
1184 4237 1243 4310 ἤτοι
1262 4239 1299 4304 τίς
1312 4237 1360 4304 τδς
1370 4237 1483 4310 Θήύας,
1495 4243 1619 4310 κατῆλθε.
1635 4243 1765 4301 Τοσαῦτα
1779 4241 1823 4317 μίν

211 4327 300 4394 θαλιῖς
310 4326 433 4387 οἴονταί
443 4325 495 4406 γδρ
509 4327 626 4406 ἀλλαχοῦ
642 4326 689 4405 μίν
705 4333 723 4401 ἡ
742 4329 852 4410 κέγχρος
874 4328 996 4405 αὔξεται,
1041 4323 1171 4397 κατδτὴν
1192 4329 1242 4403 γῆν
1260 4325 1375 4403 μάλιστα
1390 4325 1516 4402 ἐπίσημοι
1529 4326 1575 4386 καί
1590 4329 1724 4408 ἐπιφανεῖς
1737 4327 1824 4408 άνδρτς

213 4415 333 4494 ἀλλαχοῦ
348 4413 376 4474 δέ
396 4418 442 4473 τοῦ
457 4414 591 4495 ἐριθρσίου
613 4415 751 4493 καλάμου,
767 4415 832 4498 ὅπερ
845 4418 916 4478 ἐστίν
930 4409 997 4486 ιίδος
1040 4411 1214 4491 ὑπάρχουσιν.

211 4501 368 4581 άριύματος,
382 4502 411 4561 αί
432 4492 495 4562 ύλαι
518 4501 656 4562 θάλλουσι·
671 4503 702 4562 τθ
720 4503 748 4563 δέ
773 4506 908 4585 ίρυθραίου
921 4507 939 4579 ἢ
954 4505 995 4566 ὅτι
1081 4519 1213 4561 τισι-νισι.
1236 4497 1325 4560 Ἄλλοι
1339 4500 1367 4561 δέ
1380 4505 1499 4563 πλεῖστοι
1514 4501 1574 4560 ἐνθα
1589 4504 1696 4560 κάκεῑσι
1715 4501 1760 4560 ἐπὶ
1780 4501 1824 4570 τίς

210 4586 317 4671 ἐρυθρὰν
330 4589 386 4671 ίχει
398 4589 446 4664 τὴν
460 4588 565 4672 χροιθιν,
584 4589 601 4662 θ,
616 4590 656 4651 ύτι
669 4591 733 4672 πρὸς
746 4595 780 4671 τῇ
797 4591 913 4675 Ἐρυθρᾷ
930 4595 995 4675 φαί-
1039 4585 1162 4667 ήπιίρσυς
1180 4588 1349 4663 πλανῶνται,
1365 4587 1408 4656 οθς
1428 4591 1475 4648 ούκ
1490 4587 1520 4648 ἀν
1540 4611 1578 4657 τις
1590 4591 1643 4647 τῶν
1658 4593 1760 4661 θνητῶν
1774 4611 1823 4672 φα-

210 4700 292 4740 νιται.
495 4707 498 4710 ’
1039 4675 1117 4753 νιρῶς
1130 4673 1176 4733 καί
1190 4673 1320 4746 διαδήλως
1333 4673 1418 4734 οίποι·
1435 4674 1508 4752 μύνοι
1521 4673 1549 4733 δέ
1561 4676 1586 4735 οί
1602 4674 1654 4734 θιοί
1671 4673 1767 4758 ρφδίως
1779 4676 1823 4734 καί

252 4782 383 4827 ltu-114⁰.
403 4765 592 4843 Διανοούμινος
607 4765 634 4825 δέ
652 4764 757 4840 σκόπει,
772 4764 843 4835 ὅπως
854 4766 886 4826 ἀν
898 4789 938 4828 σοι
947 4767 994 4826 καί
1038 4761 1152 4828 ιύκθλως
1163 4759 1286 4820 δύνανται
1300 4759 1399 4821 πάντα.
1415 4761 1497 4823 Αθτοί
1507 4759 1558 4842 γδρ
1568 4761 1711 4842 πρῶτοιτδ
1722 4765 1823 4840 τῆςγῆς

209 4849 992 5016 ἶῖίίίίῖιῆιύῆιωίῖίίίίῗί’ίίίίίίίέίίίη
1038 4846 1822 5016 3⁹22&fllaffiflfafl'pff‘ffif‘pfflssffi’ss

492 4981 501 4999 .
802 4963 816 4999 ν
845 4965 862 5001 α
937 4965 995 5009 ταις
1425 4979 1433 5007 ,

209 5022 329 5099 τρισσαῖς
352 5025 477 5102 πλιυραῑς
501 5023 617 5091 ἀπάσαις
640 5025 729 5092 σύσαις
753 5027 840 5095 λοξαῖς
865 5026 991 5107 ἥρμοσαν,
1040 5021 1187 5102 ἀμιτρήτου
1210 5021 1344 5096 θαλάσσης
1366 5023 1514 5100 ἐδήλωσαν,
1529 5022 1601 5083 αῦτοί
1622 5023 1758 5103 δίίδραῖα
1776 5023 1820 5083 καί

210 5107 289 5182 θμοία
302 5112 342 5190 τῷ
364 5109 426 5170 ιίδιι
441 5109 555 5189 ρύμάου·
567 5111 636 5170 ἀλλά
650 5112 683 5170 τέ
698 5111 746 5189 μέν
761 5113 869 5192 ίσπέρια
881 5113 964 5172 ὕδατα
979 5116 993 5172 ύ
1037 5111 1142 5191 ἀσφαλῆ
1156 5109 1243 5170 πάντα
1259 5112 1286 5170 ἐν
1299 5114 1338 5193 τῷ
1353 5109 1403 5191 βίιρ
1416 5109 1586 5191 διεσάφησαν,
1606 5111 1653 5169 καί
1671 5109 1706 5169 τά
1718 5113 1765 5169 τοῦ
1778 5111 1819 5168 οιί·

209 5191 291 5264 Ίνδθς
315 5195 433 5273 ποταμθς
455 5195 547 5275 γείτων
567 5196 693 5278 ὑπάρχων
712 5197 877 5278 διαχωρίζιι,
899 5196 944 5259 καί
963 5200 992 5259 ιθ
1038 5203 1116 5278 ρσνοῦ
1129 5198 1212 5280 ἀστρα
1220 5197 1649 5280 δισκρίνοντις,τοῦδίπάντιυκαλ
1658 5201 1705 5270 τῆς
1715 5194 1817 5277 βαθιίιι
