3884 5925
168 410 225 467 620
818 396 959 459 Totius
979 393 1093 456 onais

128 532 155 590 A
168 534 253 604 aliqua
265 535 422 605 impostma,
435 530 482 585 sed
495 532 673 602 uumqrrisque
684 547 778 583 aurun
789 528 841 582 hee
851 526 941 600 sepul-
983 522 1083 579 mundo
1092 522 1147 575 sola
1158 521 1261 575 charus
1272 526 1381 584 smne,
1392 534 1471 589 quarn
1484 520 1596 591 speeiem
1607 518 1666 572 lieet
1680 518 1767 574 view

168 618 262 673 lieetur
283 618 392 689 implere
410 616 484 688 quod
506 626 577 669 certe
594 633 623 669 se
637 615 713 669 novit
731 615 814 678 seire3
833 623 941 684 propter
984 610 1032 663 sed
1045 611 1124 663 nimis
1136 609 1227 663 utilun
1248 619 1276 661 et
1290 608 1460 661 neomeniam
1482 608 1510 658 iu
1530 606 1601 659 nulia
1620 608 1759 677 provincie

167 702 240 772 quod
254 720 307 756 uon
325 718 417 755 omues
429 702 565 764 omnium,
579 698 626 753 sed
640 700 823 770 unnsquisque
834 715 942 770 suaper
984 698 1035 751 nisi
1048 706 1151 751 tautum
1169 694 1240 766 apud
1266 693 1450 749 Alexandrian
1468 694 1584 745 inventa
1604 692 1758 756 abundares
1779 718 1783 725 ·

167 804 241 841 stram
252 786 416 857 disciplinam
428 795 506 839 ornat
517 786 631 853 negotia.
984 784 1040 835 eine
1052 800 1104 853 qua
1115 782 1192 835 uullae
1199 796 1297 847 carm,
1314 781 1385 835 nulia
1401 790 1511 851 ponunt
1529 780 1632 850 impleri
1642 782 1758 849 negotia.

203 870 247 925 35.
263 869 420 925 Alexandria
439 880 541 932 autem,
555 886 637 938 quara
659 869 778 938 superius
795 868 941 921 nominari·
986 868 1060 921 lianc
1072 870 1152 937 igitur
1163 870 1285 921 universo
1304 867 1362 920 orbi
1376 867 1528 920 ministrans
1543 867 1687 937 plurimum
1704 868 1761 919 uti·

168 972 244 1017 arus,
267 956 359 1009 civitas
386 965 414 1007 et
426 954 500 1007 valde
511 955 626 1007 maxima
643 962 671 1006 et
683 953 800 1005 eminens
811 954 839 1005 iu
855 952 943 1023 dispo·
985 950 1062 1006 litatis
1074 963 1196 1023 prestare
1207 952 1318 1009 videtw.
1335 952 1418 1022 Grrjus
1429 950 1574 1021 adjacentia
1590 950 1761 1020 morigerata

167 1040 277 1104 sitione,
292 1038 430 1093 abundans
440 1038 564 1092 omnihus
583 1038 660 1089 honis
678 1046 706 1091 et
723 1038 806 1105 eecis;
827 1055 888 1090 uam
900 1038 941 1107 pi·
985 1038 1100 1106 copiosas
1112 1036 1227 1090 ellerunt
1237 1035 1337 1105 fruges,
1352 1036 1397 1088 ubi
1408 1048 1460 1089 uua
1473 1050 1593 1088 mensura
1609 1037 1761 1087 oentenarlo

168 1127 251 1179 scium
263 1127 312 1179 tria
324 1143 419 1195 genera
432 1124 557 1187 eomedit,
567 1123 641 1194 quod
649 1123 729 1177 ultera
739 1126 875 1194 provincia
887 1140 942 1177 nou
986 1121 1071 1177 fructu
1085 1122 1257 1193 multiplicata
1269 1122 1425 1193 respoudstr
1438 1121 1509 1177 unde
1521 1118 1760 1191 Constantinopolis

167 1210 260 1275 habet,
281 1209 410 1278 stagneis,
436 1210 566 1262 marinum
586 1218 612 1260 et
635 1207 778 1260 llumiualo.
799 1209 863 1261 Haec
879 1224 941 1261 euna
984 1208 1102 1262 Thraciae
1114 1218 1140 1261 et
1156 1210 1243 1261 omnis
1254 1210 1348 1262 Oriens
1365 1207 1589 1279 pascunmr.'(37)
1599 1205 1639 1235 ''⁸''
1649 1206 1717 1260 Nan
1730 1208 1759 1259 iu

168 1296 242 1349 Indis
254 1306 280 1348 ct
291 1295 411 1348 barbaris
422 1296 525 1363 negotia
538 1295 604 1363 gerit
618 1294 726 1358 merito;
740 1304 856 1347 usmeta
864 1294 940 1346 etdi·
988 1294 1030 1347 illa
1042 1296 1146 1349 citime
1158 1303 1266 1365 propter
1285 1294 1376 1365 populi
1395 1294 1539 1347 libertatem
1555 1308 1615 1346 oum
1627 1294 1723 1346 timore
1732 1303 1761 1346 et

170 1396 254 1433 versas
277 1381 374 1449 speeies
392 1380 517 1451 pretiosas
530 1377 654 1430 omuibus
676 1377 826 1445 regionibus
852 1379 941 1433 mittit.
987 1391 1102 1433 tremore
1116 1380 1213 1449 judices
1232 1397 1273 1432 res
1287 1380 1403 1451 publicas
1425 1378 1622 1443 administratam
1641 1378 1760 1449 quisquis

170 1465 228 1533 (36)
252 1463 303 1517 Sed
324 1464 392 1517 etin
414 1464 466 1515 hoo
485 1461 559 1515 valde
573 1460 703 1515 laudanda
715 1472 756 1513 est
775 1462 849 1531 quod
866 1464 940 1515 omui
990 1466 1061 1517 enirn
1072 1464 1192 1535 judicum
1214 1464 1339 1518 ihidema
1353 1462 1454 1533 justitie
1473 1460 1628 1525 declinarit,
1642 1465 1762 1515 motione
1784 1464 1787 1474 '

130 1617 154 1675 B
168 1618 297 1671 muudum
306 1618 432 1689 AEgjptus
440 1616 566 1669 abundat.
575 1615 628 1685 [ln]
639 1614 801 1686 metrelpolt']
809 1617 879 1668 enim
887 1616 944 1685 ejus
989 1618 1054 1689 quid
1067 1628 1108 1671 est
1124 1618 1195 1689 quod
1208 1621 1246 1671 sio
1266 1636 1283 1671 a
1294 1618 1373 1672 nohis
1393 1616 1527 1670 laudaut?
1545 1617 1658 1681 Chartr,
1679 1632 1760 1686 quatu

169 1702 435 1757 Alexandriaomueru
442 1712 545 1771 gentem
551 1702 666 1753 invenies
675 1701 720 1770 [et]
729 1701 943 1772 philosophorum
987 1704 1043 1773 ipsa
1054 1702 1149 1757 ludens
1166 1713 1193 1757 et
1204 1703 1276 1755 omui
1290 1701 1392 1761 mundo
1409 1703 1529 1754 eritteas
1541 1700 1630 1755 utilem
1647 1702 1760 1771 sydon

169 1805 277 1841 omnem
291 1788 447 1841 doctrinam.
461 1789 553 1855 Itaque
565 1784 707 1854 aliquando
719 1785 861 1837 oenamiue
876 1786 944 1839 laeto
988 1789 1111 1842 omnibus
1122 1789 1250 1854 ostendit,
1263 1789 1318 1841 sola
1335 1788 1387 1843 hou
1398 1800 1476 1859 supra
1488 1802 1580 1841 omnes
1593 1788 1762 1857 civiumque

169 1874 351 1943 AEgyptiorum
376 1882 405 1925 et
426 1873 597 1933 Graecorum,
624 1872 684 1940 quie
706 1888 799 1924 eorum
825 1874 940 1926 musium
988 1883 1015 1925 et
1033 1874 1180 1943 provincias
1198 1872 1348 1944 possidens,
1372 1870 1418 1925 sed
1437 1873 1494 1925 eine
1518 1870 1615 1925 invidia
1635 1882 1761 1941 prestans

170 1959 443 2031 sulphurantes·
454 1968 482 2011 et
493 1956 660 2027 persentiores
671 1958 771 2009 inventi
785 1958 899 2029 AEgyprit
916 1970 944 2012 et
988 1974 1096 2009 atrorum
1120 1958 1265 2020 honorum,
1288 1968 1316 2009 et
1336 1956 1388 2009 Nili
1408 1966 1495 2009 autem
1520 1956 1662 2009 honitatem
1682 1970 1776 2025 supra¹

170 2045 290 2097 viserunt
298 2040 741 2109 etmusiumadeosjudioeturnestr
753 2043 946 2113 etimpoasihile
988 2060 1091 2095 omnem
1101 2044 1262 2113 provinciam
1269 2040 1420 2113 possidens,
1430 2042 1476 2111 qui
1489 2040 1563 2094 Nilus
1574 2041 1671 2093 durius
1684 2051 1760 2093 uta·

170 2140 210 2182 est
230 2130 261 2181 iu
282 2144 437 2198 quacunque
464 2144 494 2181 ne
521 2125 633 2179 volueris
658 2127 775 2179 invenire
800 2129 944 2197 sapientem
988 2129 1021 2180 tis
1034 2127 1270 2181 horadeseendeus
1283 2128 1350 2195 rigat
1362 2142 1467 2179 omnem
1481 2136 1576 2179 terram
1592 2124 1666 2178 etad
1678 2128 1761 2177 aemi-¹
1786 2149 1790 2158 ·

171 2214 306 2284 quomodo
317 2214 481 2284 Egyptium
492 2221 519 2264 et
530 2210 590 2264 ideo
602 2228 692 2263 omues
704 2211 851 2283 philosophi
861 2224 887 2266 et
897 2216 943 2283 qui
988 2212 1119 2265 nationem
1139 2221 1228 2281 parat,
1248 2228 1326 2281 qtram
1343 2210 1463 2263 seminati
1479 2209 1645 2263 abundmter
1666 2222 1761 2279 aragne

171 2298 324 2367 sapientiam
337 2297 470 2351 literarum
480 2296 589 2347 seientes
603 2294 640 2347 ihi
653 2312 756 2366 anper
768 2297 942 2362 moratisuut,
989 2295 1173 2349 benedictione
1186 2296 1343 2366 implenturr
1363 2294 1396 2347 ad
1414 2310 1460 2346 eos
1477 2294 1548 2346 euim
1567 2307 1620 2345 ursa
1638 2307 1762 2347 neuun

172 2384 292 2437 meliores
304 2382 424 2446 lueruut;
435 2400 491 2435 nou
503 2383 573 2433 eninr
583 2391 623 2433 eet
631 2380 718 2433 adsue
730 2381 943 2453 nllaimpustruu,
990 2392 1098 2434 centum
1109 2390 1136 2434 et
1150 2392 1256 2433 centum
1269 2381 1361 2449 viginti
1377 2394 1512 2431 mensuras
1525 2378 1600 2443 laolt3
1613 2390 1641 2431 et
1659 2380 1696 2431 sic
1713 2394 1763 2449 per

172 2466 218 2519 aed
237 2466 332 2536 singuli
354 2483 448 2519 eorum
469 2464 542 2535 quod
573 2464 729 2535 pollicentur
750 2476 821 2519 certe
841 2468 944 2532 seiuut;
989 2465 1119 2534 singulum
1133 2481 1231 2518 anuum
1245 2475 1314 2518 terra
1327 2463 1439 2517 reddens
1451 2464 1545 2517 etaliis
1559 2464 1762 2534 provinolisuti·

172 2551 366 2623 propterquod
379 2568 435 2605 nou
450 2568 543 2605 ornnes
562 2551 700 2615 omniunt,
714 2550 761 2604 red
773 2553 884 2622 quisque
898 2569 945 2606 saa
989 2548 1020 2603 lis
1042 2558 1090 2605 est.
1106 2548 1345 2619 Constantinopolis
1363 2549 1433 2600 enim
1445 2546 1564 2600 'llrneias
1581 2547 1615 2599 ah
1629 2564 1662 2600 ee
1679 2552 1781 2617 qrum‘

173 2654 222 2707 per
234 2653 308 2688 suam
321 2635 484 2705 disciplinatu
492 2652 589 2689 ornans
601 2634 704 2704 perlioit
714 2637 826 2703 repeda
989 2634 1101 2704 plurime
1127 2635 1251 2705 pascitur,
1277 2633 1396 2685 similiter
1427 2642 1456 2685 et
1484 2632 1632 2687 Orientales
1656 2646 1760 2703 partes,

203 2720 254 2775 35.
273 2717 429 2773 Alexandria
442 2729 529 2772 aulem
546 2719 636 2771 civitas
648 2729 688 2772 est
701 2718 901 2774 valdemaxirua
917 2731 944 2775 et
989 2722 1101 2773 tnaxime
1125 2715 1232 2791 propter
1264 2720 1407 2772 exercitum
1432 2720 1595 2788 imperatoris
1618 2729 1644 2770 et
1666 2719 1763 2771 laelium

173 2806 291 2858 eminens
304 2805 332 2857 iu
347 2804 516 2873 dispositione
528 2813 556 2857 et
567 2803 703 2857 abundans
715 2803 838 2857 omnibus
849 2804 943 2870 bouis,
989 2808 1127 2859 Persarum
1140 2824 1148 2869 ;
1171 2814 1309 2875 propterea
1332 2819 1385 2855 non
1405 2819 1482 2873 posse
1504 2803 1580 2855 aliern
1601 2804 1762 2873 provinciana

175 2902 202 2943 et
219 2892 284 2943 escis
295 2889 385 2953 dires3
403 2889 516 2959 piscium
528 2890 598 2942 euim
619 2890 670 2941 tria
682 2906 776 2957 genera
789 2889 945 2955 munducat,
990 2889 1108 2943 sufficere
1118 2890 1169 2941 uisi
1184 2888 1299 2941 divinant
1316 2888 1465 2958 AEgyptum.
1483 2890 1569 2954 Quaen
1583 2899 1608 2940 et
1623 2890 1764 2940 nontlnaas

174 2975 248 3045 quud
259 2975 339 3028 altera
349 2975 484 3044 provincia
493 2992 547 3027 nou
559 2974 646 3036 habet,
660 2973 801 3038 fluminale,
810 2985 946 3043 mansues
990 2993 1005 3028 a
1018 2975 1069 3028 diis
1079 2975 1138 3045 plus
1150 2991 1205 3028 esse
1217 2985 1296 3045 puto,
1314 2974 1360 3027 uhi
1375 2973 1454 3037 deos,
1466 2975 1504 3025 uti
1514 2973 1703 3044 peredirintus,
1718 2991 1764 3025 eo·

174 3071 200 3113 et
215 3061 357 3115 muiuurn
374 3062 475 3112 Omnes
494 3070 583 3111 eutem
602 3060 701 3128 species
721 3069 768 3112 aut
788 3061 947 3115 aromatibus
990 3060 1072 3113 lentes
1089 3060 1158 3112 hene
1169 3059 1285 3112 historiae
1297 3059 1412 3111 maxime
1433 3057 1557 3113 offerunt.
1576 3059 1681 3110 Etsnnt
1692 3071 1764 3110 sacra

174 3157 221 3198 aut
231 3145 362 3214 aliquibus
376 3145 485 3212 negotiis
501 3143 642 3196 barbaricis
654 3144 683 3195 in
699 3159 731 3195 ea
743 3143 892 3211 abundaut3
905 3161 948 3197 su·
991 3145 1081 3198 omnia
1093 3155 1120 3197 et
1142 3144 1237 3216 ternpla
1258 3143 1381 3196 omnibus
1400 3153 1510 3211 ornatn3
1527 3141 1634 3195 aditimi
1654 3143 1724 3194 euim
1737 3151 1764 3194 et

175 3249 222 3303 pra
235 3240 315 3300 eaput
327 3232 398 3283 euim
409 3230 508 3282 babens
527 3229 668 3282 Thebaidis
679 3228 807 3282 Indorum
827 3247 908 3299 genus
920 3241 947 3284 et
993 3229 1139 3284 saeerdotes
1153 3239 1178 3282 et
1199 3229 1312 3281 ministri
1326 3237 1352 3281 et
1365 3229 1496 3298 aruspices
1519 3239 1546 3281 et
1567 3229 1718 3280 adoratores
1738 3239 1766 3282 et

175 3316 303 3384 recipiens
323 3315 413 3366 omnia
434 3323 537 3384 praestat
557 3314 691 3367 omnihus.
712 3315 747 3365 Et
766 3313 804 3365 dii
826 3314 948 3368 coluntur
992 3314 1076 3366 divini
1090 3315 1182 3386 optimi
1205 3312 1358 3378 abundant,
1380 3313 1447 3366 ellit
1469 3317 1557 3367 omnia
1578 3314 1685 3380 ordiue;
1707 3334 1765 3368 aras

175 3399 328 3459 eminenter,
345 3408 372 3449 et
385 3397 510 3467 templum
532 3397 633 3468 Serapis
653 3397 688 3449 ibi
702 3408 756 3462 est,
771 3415 854 3450 unum
867 3409 894 3451 et
906 3419 948 3453 so·
995 3401 1084 3469 itaquo
1098 3400 1212 3453 invenies
1226 3417 1328 3472 semper
1343 3400 1402 3470 igne
1415 3399 1578 3472 splendentes
1590 3411 1616 3454 cl
1626 3387 1765 3468 sacrificio·

176 3482 231 3536 lum
246 3481 419 3552 spectaculum
440 3498 538 3534 uorum
552 3484 579 3533 in
599 3483 671 3536 omui
689 3482 805 3548 mundo;
820 3501 947 3554 nusquam
995 3503 1055 3538 rum
1068 3496 1096 3538 et
1117 3497 1175 3538 ture
1198 3485 1301 3555 plenas,
1322 3487 1398 3538 vittas
1416 3486 1495 3538 simul
1513 3497 1540 3540 et
1557 3487 1673 3542 luribula
1689 3487 1766 3557 plenu

178 3567 248 3621 euim
259 3579 334 3619 terrae
349 3577 395 3619 aut
408 3565 546 3620 edificium
558 3567 640 3639 [tale]
654 3572 700 3620 aut
711 3568 847 3639 dispositio
861 3571 948 3642 templi
993 3571 1153 3624 aromatibus
1174 3570 1294 3624 divinum
1312 3569 1421 3624 odorem
1435 3571 1569 3642 spirantia.
1589 3571 1648 3641 (37)
1667 3575 1725 3625 lam
1737 3582 1768 3626 et

176 3661 224 3704 urst
238 3651 368 3720 religionis
390 3651 532 3714 invenitur,
547 3651 663 3722 undique
681 3663 768 3706 auteur
789 3655 903 3708 musium
924 3657 948 3709 ei
994 3657 1123 3710 civitatem
1141 3655 1275 3725 judicibus
1288 3655 1354 3708 bene
1366 3667 1495 3725 regentem
1514 3658 1642 3721 iuvenies3
1657 3659 1686 3709 iu
1701 3672 1765 3709 rou·

176 3737 263 3790 redire
280 3737 407 3792 videatur.
423 3740 480 3806 (36)
500 3737 690 3791 Possideteum
711 3738 834 3792 omnibus
852 3740 950 3810 quihus
994 3751 1095 3812 tempta
1107 3742 1228 3812 (semen)
1249 3741 1320 3794 sollae
1340 3742 1454 3812 populus
1476 3742 1652 3810 Alexandriae3
1663 3742 1766 3812 judiees

176 3824 351 3879 hubethonis
375 3835 402 3878 et
429 3842 508 3878 unam
529 3841 597 3887 rem,
611 3841 670 3892 quae
692 3841 821 3894 uunquam
843 3826 893 3877 nisi
918 3818 950 3878 in
995 3829 1065 3880 euim
1083 3828 1111 3878 iu
1129 3827 1172 3880 illa
1183 3827 1287 3880 civitate
1306 3843 1367 3880 eum
1380 3830 1473 3880 umore
1486 3839 1514 3881 et
1527 3837 1640 3881 nemore
1650 3829 1764 3893 intrant,

178 3908 335 3963 Alexandria
346 3921 373 3962 et
383 3910 490 3977 regione
502 3907 558 3977 ejus
569 3908 615 3972 lit,
630 3907 731 3977 usius*
751 3927 836 3978 ueqm
850 3908 949 3978 judicia
995 3909 1085 3982 populi
1097 3910 1224 3980 justitiam
1237 3912 1372 3976 tlmeutu3
1387 3910 1420 3963 ad
1434 3929 1479 3964 eos
1494 3913 1563 3964 euim
1583 3913 1650 3981 iguis
1662 3923 1689 3965 et
1701 3912 1766 3986 lapi·

106 4010 109 4019 ’
177 4013 264 4064 mre
281 3996 382 4065 pirata
404 3997 506 4063 negotia
526 3996 583 4062 regi
602 4005 727 4064 possunt,
741 3995 786 4047 sed
806 4013 881 4065 pane
900 4011 950 4066 per
995 3996 1058 4047 dunt
1077 3997 1181 4048 emissio
1194 3994 1227 4048 ad
1238 4005 1373 4066 peccantes
1388 3993 1490 4065 judices
1504 4013 1558 4049 nou
1572 3996 1665 4050 tardat.
1682 3997 1715 4048 Et
1727 4008 1766 4049 est

178 4081 260 4151 ipaarn
276 4097 332 4134 rent
344 4082 430 4133 omnis
442 4081 580 4133 bominum
593 4091 685 4134 natura
703 4091 771 4133 stare
787 4080 897 4135 videtur.
913 4082 947 4134 Et
992 4081 1019 4134 in
1034 4081 1158 4134 omuibus
1178 4090 1205 4133 et
1225 4081 1314 4133 civitas
1338 4091 1364 4133 et
1385 4083 1456 4151 regio
1476 4083 1723 4153 inreprehensibilis,
1740 4094 1767 4136 et

183 4181 246 4194 0¹—-

212 4230 288 4298 535.
299 4231 415 4303 piscium
436 4233 490 4285 tria
502 4249 610 4299 generet,
625 4231 695 4303 quad
712 4232 796 4284 ultera
811 4232 951 4304 prouincia
994 4233 1167 4303 principatus,
1181 4234 1326 4302 pramium.
1348 4235 1414 4299 Qute
1438 4234 1507 4284 vocis
1529 4233 1682 4302 significatio
1702 4252 1766 4286 nuru

179 4326 230 4361 uon
250 4308 339 4379 lubet]
357 4333 370 4354 ι
386 4312 488 4373 Immo,
502 4325 652 4378 eoquoque
670 4311 777 4360 nornine
790 4309 951 4362 Antiochiam
995 4310 1100 4363 aliunde
1119 4311 1223 4380 probari
1237 4312 1317 4379 possit
1326 4347 1334 4374 ,
1350 4311 1447 4364 nescio.
1467 4311 1524 4378 11-
1536 4310 1629 4381 redire]
1649 4309 1765 4374 reddire,

180 4385 347 4439 comeda
370 4387 495 4440 libanius
507 4389 535 4439 iu
548 4387 703 4439 Antioohico
713 4403 741 4456 p.
756 4386 806 4440 385
817 4385 851 4438 de
864 4387 950 4456 piscu-
993 4398 1020 4441 et
1030 4405 1062 4440 ex
1069 4398 1216 4440 correctura
1225 4386 1309 4449 reddi,
1321 4385 1413 4442 codex.
1427 4389 1437 4458 ΙΙ
1447 4417 1482 4427 -
1493 4389 1508 4456 S
1520 4389 1564 4440 36.
1577 4407 1628 4439 rem
1637 4391 1704 4460 quae]
1716 4409 1768 4440 rent
1819 4409 1830 4425 ·

180 4459 310 4516 lentorum
318 4462 783 4533 ihioupiaagenstrtopitoooahrdm
791 4463 952 4533 rhapdopops
994 4464 1078 4536 quod,
1097 4465 1164 4517 sicut
1185 4481 1248 4517 mox
1270 4463 1363 4516 charta
1385 4461 1469 4534 quod,
1491 4461 1579 4534 codjll
1593 4496 1629 4506 -
1643 4465 1766 4538 ostendit]

182 4537 279 4608 tusca,
286 4540 392 4593 διεῖλεν·
405 4539 438 4602 al,
451 4541 494 4610 pls
506 4542 563 4602 roi<
574 4542 719 4610 εὐδαίμονας
734 4539 783 4605 τὴν
793 4539 841 4592 ἀπὸ
855 4543 897 4606 τῆς
908 4541 952 4592 θα·
995 4542 1124 4594 ostendere
1134 4541 1251 4610 codll-
1259 4541 1634 4614 ciuitatesqueetprouincins]
1647 4542 1770 4595 ciuitates

181 4614 271 4683 λάττης
279 4616 442 4686 mimis&
448 4619 504 4679 τοὺς
512 4617 860 4688 ἑτέρουςτὴνᾶπὸτῆςλίμνης,
867 4615 951 4682 κοινὴν
997 4635 1054 4690 quoe
1067 4629 1092 4671 et
1097 4618 1241 4691 prouinciae
1251 4616 1311 4672 cod.
1325 4619 1336 4687 l
1349 4649 1385 4660 -
1396 4617 1511 4672 historice
1524 4619 1647 4690 maxime]
1658 4619 1770 4672 historin

180 4693 208 4745 δὲ
221 4693 312 4764 dppoiv
328 4695 404 4748 dinae
417 4697 462 4748 τὸν
476 4690 598 4766 aucupis.
610 4695 691 4764 Quod
704 4713 736 4747 eo
754 4695 836 4763 magis
855 4695 952 4747 mirum
998 4697 1115 4750 inarime
1133 4697 1192 4748 eod.
1213 4697 1276 4764 l·-
1292 4699 1308 4764 ς
1325 4697 1367 4764 ³7·
1383 4697 1463 4749 Initio
1478 4697 1556 4767 hujus
1572 4699 1694 4766 segminis
1707 4699 1770 4750 inA

181 4771 301 4826 videatur
314 4772 387 4824 huno
398 4783 531 4825 auctorent
545 4791 598 4826 nou
611 4773 757 4835 nousse,si
769 4771 849 4824 modo
862 4788 953 4826 rerum
997 4773 1121 4826 nonnulla
1140 4772 1280 4826 desiderari
1294 4783 1374 4843 patet.
1389 4773 1492 4826 Deinde
1510 4775 1536 4826 in
1557 4777 1577 4826 A
1602 4775 1699 4827 lacrmis
1722 4777 1769 4827 ab·

180 4851 580 4903 estutmhntiooheuumcivem
593 4863 640 4903 aut
652 4849 861 4903 iucoiamluisse.
874 4873 887 4895 s
898 4851 953 4902 Go·
997 4861 1083 4904 sumta
1101 4862 1163 4902 sunt
1175 4850 1254 4902 rerba
1267 4867 1273 4902 :
1281 4849 1392 4922 publica
1403 4851 1634 4906 administrant...
1656 4851 1771 4904 declina-

180 4940 347 4978 raomnus.
364 4927 422 4993 l·-
434 4926 539 4996 merito]
553 4944 587 4978 an
608 4936 739 4979 mamurra?
754 4927 840 4992 perier
855 4925 954 4978 medua
997 4926 1040 4978 vit
1097 4927 1236 4982 occiditur.
1249 4927 1262 4995 ll
1275 4957 1309 4968 -·
1317 4927 1432 5000 populus
1450 4927 1628 4998 Alea-audrie]
1648 4952 1659 4973 ι
1673 4927 1713 4981 Cl.
1726 4931 1770 4981 Se-

181 5013 300 5055 uromaru
312 5001 347 5054 de
358 5002 427 5071 conj.
440 5022 492 5056 scr.
506 5008 539 5056 Α.
552 5006 616 5057 Mai.
631 5005 642 5071 ll
654 5006 729 5055 -tn
740 5005 778 5054 B:
793 5021 870 5056 uuum
880 5014 955 5056 etso-
998 5021 1061 5056 netu
1075 5003 1115 5055 nd
1134 5004 1193 5059 Alb.
1206 5021 1229 5056 o.
1244 5005 1291 5056 ult.
1308 5022 1314 5056 :
1333 5009 1440 5076 loquax
1452 5017 1477 5057 et
1493 5005 1623 5072 ingeniosa
1639 5005 1665 5058 in
1679 5017 1769 5057 contn-

183 5073 245 5143 lum]
259 5093 337 5128 renum
345 5089 384 5130 est
393 5079 475 5132 sultam
484 5079 545 5132 oud.
558 5081 570 5148 ll
582 5109 617 5120 -·
626 5079 749 5150 uratum]
762 5083 887 5150 μουσεῖον,
899 5082 917 5134 i.
928 5099 952 5134 e.
999 5080 1089 5134 tuellas
1096 5081 1277 5153 praefectorum
1283 5083 1440 5154 pertincte,
1452 5083 1629 5154 inquestione
1644 5083 1691 5158 qui
1700 5085 1768 5137 vitr-
