3884 5925
280 469 335 520 ιω
997 456 1171 537 nienrsn

289 610 329 650 ers
352 587 503 667 Λυρνησσὸς
515 589 622 652 Μαλλὸς
631 607 660 644 τι
673 585 719 645 καὶ
731 583 883 664 Ἀγχιάλοιο
895 587 975 646 Σόλοι
985 609 1025 658 τι,
1101 597 1262 665 Lyrnessos,
1277 592 1382 660 mm,
1400 593 1536 657 Anchiale,
1546 593 1615 658 Soli,

357 679 385 734 αἱ
399 674 447 752 μὲν
461 678 488 734 ir
497 673 615 752 ἠπείρῳ,
632 674 659 731 al
674 671 696 730 δ’
711 675 794 744 αὐτῆς
806 672 871 752 ἄγχι
883 674 1030 744 θαλάσσης.
1099 679 1155 734 alite
1166 679 1376 742 mediterraneae,
1387 679 1444 733 aliae
1455 681 1505 751 ipsi
1517 681 1584 734 mari
1597 680 1759 751 pmpinqaae.

356 765 412 841 Τῇς
425 762 448 819 δ’
459 761 502 820 im
515 758 706 836 Κομμαγεηιδν
717 758 793 832 ἕδος,
807 759 906 838 Συρίης
918 785 946 821 τι
959 761 1055 831 πόληες
1099 768 1162 820 Ροσι
1170 766 1217 819 bas
1230 766 1305 819 sedes
1313 768 1488 836 Commagena
1499 768 1637 839 Syriaque
1645 767 1724 820 mbos

357 849 425 914 θινὸς
442 849 485 907 ἐπὶ
501 853 630 928 στριπτῆς
643 848 809 925 περιμήκεες·
823 847 890 928 appi
900 847 950 925 γθρ
961 847 1037 914 ὁλκὸς
1101 851 1128 904 in
1141 853 1258 904 flexuose
1269 851 1346 905 litore
1357 852 1469 905 multum
1482 863 1626 924 porrecte,
1636 853 1737 906 mmmm
1748 871 1852 926 mmque

357 936 382 1002 ίς
393 936 464 994 δύσιν
474 934 619 1010 despue-rar
629 935 724 1004 πολιῆς
737 934 807 1006 ἁλὸς,
826 933 889 1014 ἄχρι
900 933 1017 1007 κολώνης
1102 937 1163 988 cani
1175 939 1256 989 maris
1268 948 1367 990 tractus
1380 939 1408 990 in
1423 956 1546 992 occasum
1562 939 1738 1003 eonvenitur,
1751 944 1864 1012 munem
1916 930 1921 942 '

300 1042 341 1082 eso
361 1021 448 1101 οὔριος
458 1021 613 1100 ἀγχιάλου,
630 1021 812 1099 βαθυκρήμνου
824 1021 943 1083 Κασίσιο.
1101 1024 1226 1112 maritimi
1240 1026 1351 1089 mentis,
1363 1026 1432 1078 Casii
1441 1024 1602 1094 confragosi.
1760 1027 1866 1096 [eulmen

277 1265 379 1308 constat
390 1255 440 1306 nisi
453 1272 485 1307 ex
497 1254 589 1307 Curtio
603 1254 628 1319 3,
646 1259 673 1319 4,
692 1272 724 1307 ιο
742 1273 750 1310 ι
766 1255 853 1309 Multo
876 1258 903 1308 in
915 1274 945 1308 ee
958 1256 1059 1324 regione
1102 1269 1182 1310 recte.
1196 1263 1235 1312 Ac
1248 1261 1364 1330 primum
1379 1261 1486 1332 quidem
1500 1264 1555 1332 ipse
1568 1260 1753 1331 Bernhardpus
1762 1265 1832 1317 sensit
1844 1267 1866 1318 in

278 1333 322 1400 (in
338 1333 445 1401 Cilicia)
462 1343 641 1396 monumenta,
660 1333 772 1400 uulgata
788 1333 959 1387 carminibus.
983 1336 1058 1387 Mon·
1100 1354 1238 1390 arenarum
1248 1339 1377 1404 cumulos,
1388 1342 1433 1409 qui
1447 1338 1763 1409 suntjnxtaSirbonidem
1775 1339 1865 1404 lacum,

216 1421 222 1439 ·
277 1410 433 1462 serebantur
446 1409 549 1462 urbium
559 1409 630 1461 sedes
642 1409 763 1479 Lyrnessi
769 1422 794 1463 et
807 1411 912 1473 Thebes,
927 1412 1059 1483 hplronis
1102 1414 1170 1466 male
1183 1415 1278 1468 cedere
1298 1417 1468 1486 βαθυκρήμνου
1486 1417 1639 1488 epitheton,
1654 1416 1726 1486 quod
1745 1422 1867 1489 praecptis

277 1505 376 1559 queque
383 1504 476 1558 specus
487 1497 539 1541 etc.
551 1487 646 1539 Suebo
662 1489 698 1540 ita
711 1487 790 1540 habet
800 1507 826 1559 p.
843 1493 894 1558 676
909 1505 916 1542 :
929 1489 984 1540 Τῶν
998 1489 1020 1540 δ’
1032 1485 1058 1539 ir
1101 1492 1169 1543 Casii
1182 1491 1250 1562 jugis
1262 1492 1296 1546 ab
1307 1495 1454 1546 Antiochiae
1465 1495 1572 1565 planitie
1586 1512 1676 1546 versus
1694 1505 1805 1547 austrum
1815 1513 1867 1567 por·

276 1567 351 1636 Τροίᾳ
364 1565 479 1628 Κιλίκων,
490 1561 526 1618 ὧν
536 1563 647 1635 Ὅμηρος
659 1566 780 1636 μέμνηται
787 1567 851 1620 soii»
860 1569 998 1620 διεστώτων
1011 1566 1059 1619 ini
1102 1571 1179 1621 rectis
1190 1571 1302 1640 (Djebel
1310 1572 1407 1635 Okrnb,
1419 1572 1453 1625 de
1461 1591 1515 1642 que
1527 1571 1627 1625 multus
1637 1564 1675 1624 esi
1685 1573 1819 1628 liittemst.
1831 1593 1865 1642 17,

276 1651 327 1697 τῶν
340 1643 385 1706 ἔξω
396 1647 439 1695 ποθ
450 1641 543 1714 Ταθρου
558 1643 675 1708 Κιλίκων,
695 1642 719 1695 el
732 1642 775 1714 μὲν
788 1643 962 1714 ἀποφαίνουσιν
979 1643 1058 1713 ὀρχη·
1100 1665 1129 1717 p.
1145 1648 1212 1700 1123
1222 1650 1293 1720 sqq.)
1305 1649 1765 1720 accommodatissimnmessetiquet.
1779 1653 1868 1706 Deinde

276 1729 346 1799 γε’τας
360 1725 416 1788 τοὶις
430 1724 455 1778 ιν
465 1729 496 1796 τῇ
507 1725 581 1796 Τροίᾳ
591 1725 683 1778 τούτων
698 1725 739 1777 καί
750 1725 885 1779 iserniensi
895 1744 962 1787 τινας
972 1726 1059 1785 τόπους
1102 1742 1262 1795 veroquam
1286 1737 1378 1779 nostro
1393 1728 1452 1780 leco
1467 1738 1545 1798 poeta
1563 1726 1637 1779 dicat
1650 1727 1749 1797 Syriam
1772 1745 1837 1782 oram
1849 1730 1868 1793 ἔς

278 1803 411 1867 κάνταῦθα,
425 1805 506 1872 ὥσπερ
518 1803 543 1856 ἔν
564 1805 596 1873 τῇ
605 1802 739 1873 Παμφυλίᾳ
753 1801 838 1871 Odius
852 1803 894 1855 aul
907 1804 1057 1873 Λυρνησσόν.
1102 1803 1169 1856 tiso
1185 1803 1254 1857 ilecti
1266 1805 1393 1875 usquead
1407 1808 1514 1858 Casium
1525 1807 1698 1869 montem,iu
1712 1823 1782 1876 seqq.
1792 1819 1868 1862 antem

278 1879 353 1932 Idem
363 1896 390 1949 p.
406 1884 458 1948 667
475 1879 563 1931 :nesi
574 1880 596 1930 δ’
610 1878 687 1951 ἐντῷ
697 1879 786 1951 μεταξὺ
799 1881 942 1946 Φασηλίδος
954 1880 996 1932 καὶ
1010 1879 1060 1932 'Ar-
1102 1881 1284 1952 Coelesyriem,
1298 1883 1367 1936 inter
1379 1885 1486 1937 (διοίσω
1497 1894 1523 1936 et
1537 1883 1672 1936 Libanum
1686 1893 1784 1936 montes
1797 1903 1868 1956 usque

277 1956 363 2016 ταλίας
385 1955 522 2008 δείκνυσθαι
541 1955 627 2022 fidens
639 1957 722 2010 τε-καλ
736 1959 891 2029 Λυρνησσόν,
905 1957 1058 2011 ἐκπεσόντων
1102 1958 1136 2010 ad
1151 1960 1276 2014 Arabiam
1287 1971 1315 2014 ct
1327 1961 1470 2032 Egyptum
1483 1963 1677 2032 pertinentem,
1692 1959 1715 2022 λς
1728 1964 1794 2014 νότον
1807 1963 1868 2017 irro-

278 2034 305 2088 ἐκ
315 2039 358 2087 τοῦ
368 2035 452 2101 birine
463 2034 547 2088 πεδίου
556 2039 605 2088 τῶν
616 2036 731 2106 Τρωικῶν
740 2037 847 2089 Κιλίκων
862 2034 947 2101 elei-lp
960 2036 1060 2106 Παμρυ-
1102 2036 1159 2106 λίην
1173 2057 1199 2091 τε
1211 2049 1327 2108 spectare
1338 2049 1435 2092 statuat
1449 2058 1456 2094 ε
1468 2040 1524 2092 baec
1535 2039 1610 2092 vides
1624 2057 1678 2092 non
1691 2057 1764 2110 posse
1776 2042 1837 2094 iuter
1846 2061 1868 2097 ss
1935 2098 1936 2101 ,

277 2111 334 2164 λίαν
345 2112 372 2166 le
384 2113 478 2182 μέρους,
496 2112 529 2174 ὡς
542 2110 625 2182 rienes
646 2113 822 2182 Καλλισθένης.
836 2115 872 2166 Ac
883 2107 977 2166 'revera
990 2116 1060 2167 iuter
1102 2116 1250 2182 conciliari,
1260 2119 1282 2169 si
1298 2119 1389 2170 Casius
1397 2120 1495 2170 isasset
1505 2135 1585 2188 quem
1596 2117 1680 2170 veluit
1692 2118 1867 2190 Bernhardgm.
1935 2120 1936 2173 3

278 2190 441 2246 Phaselidem
457 2200 537 2260 etque
558 2191 677 2245 Attaliam
697 2194 840 2264 Lyrnessos
853 2192 916 2245 urbs
933 2209 1072 2280 memora·
1103 2197 1183 2247 Poeta
1196 2196 1299 2247 remita
1313 2195 1540 2267 sibiellormavit,
1559 2206 1592 2248 ut
1602 2196 1683 2268 Syriae
1701 2213 1773 2248 emm
1785 2197 1809 2248 iu
1824 2216 1869 2250 me·
1935 2192 1936 2251 l

278 2277 323 2320 tur
335 2267 405 2340 apud
419 2267 536 2326 Plinium
559 2268 585 2330 5,
608 2273 652 2332 υ6,
676 2275 721 2338 96,
746 2271 837 2340 Λυρνάς
862 2271 890 2322 ἰυ
916 2269 1057 2322 Stadiasm.
1104 2273 1225 2325 ridionali
1242 2275 1315 2325 sinus
1330 2275 1401 2325 Issici
1413 2273 1493 2326 latere
1506 2291 1591 2343 usque
1602 2273 1638 2325 ad
1649 2274 1719 2342 Casii
1731 2274 1820 2325 monus
1829 2275 1870 2326 ini-
1935 2288 1936 2343 ᾗ

280 2348 360 2414 §225
376 2351 417 2417 (p.
436 2349 515 2416 490),
530 2346 656 2415 Λυρνίτεια
677 2365 721 2419 sp.
741 2344 891 2400 Hecataeum
913 2348 940 2399 in
954 2347 1058 2417 steph,
1087 2347 1189 2413 'tium,
1204 2350 1276 2420 qued
1290 2369 1374 2422 prope
1387 2351 1555 2405 Antiochiam
1575 2360 1633 2414 est,
1651 2367 1770 2402 oemsum
1791 2367 1869 2403 sersus
1935 2380 1936 2407 1

279 2425 399 2494 Λυρνατία
416 2425 579 2494 χιραθννησος
594 2441 637 2494 ap.
654 2426 757 2496 steph,
776 2427 911 2495 Λυρνιίτιια
926 2429 1000 2491 νῆσος
1014 2441 1058 2496 ap.
1104 2429 1203 2499 porrigi
1217 2441 1344 2484 censeret.
1364 2428 1396 2481 ld
1410 2447 1472 2482 sane
1486 2429 1655 2482 salsissimum
1667 2437 1721 2492 est,
1738 2445 1815 2497 quum
1831 2446 1870 2482 om
1935 2418 1936 2487 ί

279 2501 378 2572 Scylac.
387 2519 415 2572 p.
429 2519 472 2570 71,
487 2504 630 2570 Λυρναντεῖς
643 2501 667 2554 el
677 2503 739 2555 κατὰ
749 2503 881 2569 Φασηλίδα
890 2521 934 2573 ap.
947 2502 1062 2555 Pseudo·
1104 2508 1153 2558 ista
1165 2505 1221 2576 jam
1234 2507 1296 2560 inde
1309 2526 1324 2560 a
1337 2509 1445 2578 scopulo
1459 2508 1572 2560 libosicc
1587 2509 1670 2560 eirea
1683 2517 1809 2577 prerupto
1819 2525 1870 2576 pro-
1935 2510 1936 2521 ¹

278 2579 385 2630 Aristot.
398 2581 437 2629 De
450 2580 532 2630 ventis
554 2597 582 2650 p.
606 2581 668 2649 973.
683 2581 726 2634 Ab
737 2581 788 2634 hec
801 2583 882 2650 igitur
900 2580 1060 2650 Pamphyliae
1104 2585 1237 2638 montorio
1250 2585 1323 2654 quod
1331 2586 1412 2638 bodie
1425 2590 1480 2639 Ilus
1493 2585 1517 2637 el
1529 2585 1631 2638 Konsir
1639 2594 1754 2646 ventur,
1766 2585 1792 2635 in
1803 2587 1870 2636 meri·
1935 2602 1936 2621 ³

278 2657 385 2724 regione
396 2673 475 2726 quam
489 2657 582 2710 Cilices
596 2675 610 2710 e
622 2658 703 2728 Troja
716 2658 823 2712 advenae
836 2675 977 2729 occupasse
988 2657 1059 2711 dice·
1103 2663 1175 2716 diem
1189 2673 1372 2728 convectatum
1387 2675 1414 2716 at
1423 2662 1526 2716 uadem
1538 2665 1698 2734 Dionysium
1709 2679 1870 2734 qtae-amepe·
1935 2656 1936 2695 ί

279 2733 387 2794 bantur,
399 2734 509 2804 quidam
520 2737 679 2806 Lyrnessum
687 2738 715 2789 in
723 2739 805 2808 ipsam
817 2737 935 2789 Ciliciam
944 2747 1060 2789 transtu·
1103 2753 1145 2795 rat
1158 2742 1198 2794 vel
1217 2744 1244 2794 in
1264 2743 1360 2796 tabulis
1373 2752 1549 2814 spectaverat,
1570 2758 1586 2793 e
1599 2741 1740 2794 Ptolemeo
1757 2740 1850 2809 colligas
1862 2759 1868 2794 :
1935 2756 1936 2815 ι

278 2809 516 2882 Ιοπίιιι.ΙΙἈγχίαλοι
531 2817 564 2870 G.
573 2814 623 2882 ll·
635 2816 696 2882 876.
708 2813 745 2868 ἐπ’
760 2813 805 2881 ἠπ.
818 2819 879 2871 ΟΥ.
885 2816 996 2884 41-877.
1008 2817 1061 2877 ταῖς
1104 2837 1165 2872 nam
1174 2819 1246 2891 apud
1260 2821 1333 2874 bunc
1343 2839 1451 2892 queque
1461 2820 1523 2873 liius
1532 2821 1695 2874 maritimum
1706 2820 1870 2891 perpemnits
1935 2868 1936 2891 ,

279 2895 339 2952 Eu·
351 2891 448 2962 Κοραγ.
460 2893 495 2956 G,
507 2891 691 2964 bennamarim
705 2899 733 2958 0,
746 2895 915 2966 Κομμαγηνόν
925 2912 956 2954 e,-
967 2893 1060 2965 Συρίων
1104 2897 1259 2964 delineatur,
1275 2909 1312 2952 -ιιι
1327 2901 1401 2952 sinus
1414 2901 1487 2952 lssici
1505 2898 1573 2951 latus
1589 2898 1702 2951 amnnle
1723 2899 1750 2951 in
1761 2915 1868 2950 occasun
1935 2894 1936 2947 i

279 2968 459 3037 BEKONbd(
468 2969 512 3023 hic
523 2990 565 3041 τρι
576 2971 678 3043 Συρίης)
689 2972 782 3044 edilpr
794 2972 876 3033 πόλιες
889 2990 914 3025 ⁰·
925 2972 1016 3025 Verba
1029 2973 1059 3027 li·
1105 2979 1195 3033 tendet
1203 2996 1287 3049 usque
1296 2979 1331 3032 ad
1344 2978 1486 3032 Seleuciam
1498 2984 1526 3033 ei
1533 2980 1664 3031 Orontem
1677 2978 1793 3031 ίΙιινίυω.
1802 2978 1868 3029 llaud
1935 2983 1936 3020 ἶ

280 3048 334 3109 ibor
347 3047 381 3099 de
392 3048 541 3112 Samosatis,
555 3050 668 3119 ιυρίουίσ
681 3052 776 3121 capite,
794 3050 901 3118 intelligi
914 3049 1061 3105 vultliern·
1104 3057 1213 3111 meliore
1225 3059 1321 3110 Noster
1336 3058 1364 3109 in
1377 3073 1451 3127 seqq.
1461 3056 1496 3109 de
1509 3056 1651 3125 leesyria
1665 3054 1870 3126 penituerunt

279 3125 410 3197 htrdytssi
426 3142 474 3194 080
488 3124 522 3179 de
534 3128 710 3197 Commagene
727 3120 834 3198 regione
852 3131 943 3196 (sicut
954 3145 992 3183 vs.
1009 3134 1062 3193 840
1104 3136 1285 3205 Coelesyriam,
1296 3154 1355 3205 qun
1368 3137 1475 3206 proprie
1488 3135 1587 3187 dicitur
1598 3134 1671 3186 vallis
1679 3135 1746 3185 inter
1755 3134 1867 3186 Libanum
1935 3129 1936 3132 ’

282 3204 337 3265 ἕδος
346 3203 381 3256 de
394 3205 507 3255 Moeffllla
521 3206 646 3276 regione)
661 3208 773 3277 accipio.
789 3208 967 3274 Commagene
977 3225 1061 3277 quum
1104 3225 1131 3267 et
1143 3214 1323 3268 Antilibanum
1335 3214 1436 3277 modia,
1453 3213 1550 3266 laxiore
1561 3213 1635 3265 vocis
1645 3228 1723 3265 sensu
1737 3212 1868 3264 universam

279 3282 316 3334 ita
326 3292 488 3335 memoretur
501 3291 531 3334 ιιι
541 3300 556 3335 a
568 3284 642 3352 Syria
653 3282 754 3353 sejungi
765 3283 895 3347 videntur,
909 3286 1061 3342 Eustathius
1104 3291 1329 3363 comprehendere
1347 3294 1480 3360 regionem
1495 3309 1555 3361 quar
1568 3292 1638 3343 intra
1651 3288 1806 3343 Seleucidem
1817 3308 1868 3359 pm·
1935 3319 1936 3334 2

279 3378 337 3412 eam
349 3358 548 3431 Cappadociaen
563 3362 690 3431 Dionysio
704 3363 835 3415 accenseri
858 3362 1017 3428 arbitratum
1034 3364 1062 3417 id
1105 3371 1217 3422 vinciam
1232 3372 1352 3440 sequitur
1367 3369 1429 3423 iude
1438 3371 1472 3422 ab
1486 3369 1631 3423 Eleuthero
1643 3370 1725 3421 llueie
1734 3368 1771 3419 vcl
1783 3368 1814 3418 ab
1826 3369 1868 3419 Or·
1935 3371 1936 3412 ἶ

281 3456 343 3490 vero
358 3448 453 3509 preter
474 3439 602 3491 rationem
618 3439 674 3491 lieri
693 3450 764 3493 recte
779 3450 870 3493 monet
889 3441 992 3506 llillius,
1013 3445 1060 3512 qui
1105 3450 1189 3501 thosis
1209 3450 1315 3500 civitate
1338 3466 1421 3517 usque
1441 3447 1474 3500 ad
1493 3449 1598 3518 AEgypti
1611 3446 1738 3506 coulinia,
1758 3445 1868 3498 literalem
1935 3451 1936 3518 l

280 3514 474 3582 Commagenen
492 3512 567 3585 juxta
588 3514 690 3585 Syriam
710 3518 841 3569 nominari
864 3528 939 3587 putat
960 3520 1062 3588 poetice
1105 3545 1168 3580 vei-0
1180 3526 1237 3597 ejus
1251 3528 1365 3595 regionis
1382 3537 1496 3579 metum
1511 3526 1653 3579 Pboeniciae
1674 3526 1779 3577 nemim
1795 3526 1869 3575 minus
1935 3537 1936 3590 ᾗ

281 3591 323 3644 ille
336 3591 461 3661 loquendi
477 3592 603 3655 formula,
625 3610 678 3663 qua
689 3612 748 3665 pars
767 3612 829 3647 cum
841 3605 897 3647 ιοιο
909 3596 1063 3666 interposita
1105 3616 1225 3658 accurate
1239 3605 1370 3673 designari
1384 3605 1439 3672 (V.
1459 3604 1555 3659 Strabo
1565 3620 1593 3673 p.
1612 3604 1677 3673 756,
1690 3605 1760 3666 Cas..
1772 3603 1829 3668 643,
1840 3602 1869 3655 5ο
1935 3601 1936 3642 l

280 3670 374 3741 copule
389 3670 662 3741 magiscampum
676 3690 708 3725 eo
720 3683 904 3743 temporeque
920 3676 1062 3745 Dionysius
1106 3683 1169 3737 Did.
1182 3684 1202 3751 ).
1220 3682 1347 3735 Similiter
1358 3683 1501 3753 Dionysius
1514 3699 1622 3752 quoquo
1633 3684 1736 3744 enuit,
1751 3683 1784 3733 iu
1794 3692 1869 3732 unm
1935 3695 1936 3754 j

280 3748 419 3813 scriberet,
437 3750 612 3819 Commagene
631 3760 697 3803 esset
710 3752 846 3820 provincia
867 3754 970 3821 aSyria
992 3772 1063 3824 segm-
1106 3770 1136 3812 ut
1148 3759 1313 3829 Coelcsyriam
1329 3760 1459 3830 usquead
1473 3756 1870 3813 OrontemetCasiimentisini·
1935 3767 1936 3824 j

280 3836 336 3879 rata
350 3829 469 3894 (numere
480 3827 641 3897 Vespasiano
653 3828 820 3897 imperatore.
833 3830 868 3883 V.
885 3830 1021 3883 Sallustius
1034 3834 1062 3885 in
1106 3840 1174 3891 num
1190 3838 1295 3890 boreale
1316 3838 1441 3892 extendat
1460 3838 1552 3908 (quod
1578 3840 1748 3907 consequitur
1767 3846 1818 3888 tom
1841 3852 1869 3886 ex
1935 3841 1936 3878 ι

280 3904 435 3975 Vespasiae.
449 3922 473 3959 c.
485 3905 524 3975 8),
540 3904 606 3957 nihil
619 3916 657 3971 eat
668 3922 717 3958 cur
729 3924 762 3959 eo
773 3906 964 3976 confugiamus.
975 3910 986 3977 ll
999 3912 1061 3980 878.
1106 3926 1197 3969 nostro
1211 3933 1287 3969 versu
1306 3926 1363 3969 tum
1377 3934 1393 3969 e
1408 3935 1447 3971 vs.
1463 3934 1525 3986 910,
1543 3916 1589 3970 uhi
1606 3918 1635 3969 in
1652 3915 1757 3968 urbium
1775 3928 1869 3965 recensu

281 3980 335 4053 ίπι]
352 3984 406 4052 περλ
420 3987 469 4041 Ges
478 3993 505 4035 et
514 4001 556 4053 pr.
571 4001 608 4037 m.
621 3983 649 4048 d,
666 3986 693 4037 in
704 4003 761 4055 quo
775 4003 855 4056 supra
871 3985 926 4048 ἔπις
939 4007 1063 4059 πιριστρε-
1105 3994 1140 4047 ad
1154 3995 1321 4049 Antiochiam
1336 3994 1630 4066 nsqueprogrcditur).
1644 3993 1769 4046 Praetereo
1787 3992 1869 4043 Noster
1935 4015 1936 4020 ¹

279 4064 340 4127 στῆς
357 4063 435 4127 b'tVb,
451 4062 477 4114 in
492 4067 517 4117 Ε
534 4080 607 4133 supr.
620 4080 672 4117 scr.
687 4063 791 4134 interp„
804 4063 1061 4137 quodbabentcpq;
1106 4090 1136 4124 ea
1155 4071 1217 4142 quse
1239 4070 1424 4142 deleesyria
1446 4072 1548 4125 Libano
1562 4082 1589 4124 et
1612 4070 1762 4124 Antilibano
1783 4066 1868 4119 inclusa

282 4141 427 4210 περιμήκεος
448 4141 741 4214 HKNYXegdilmopw
763 4141 836 4206 Ald.,
855 4144 982 4196 Priscian.
999 4148 1061 4209 θαι,
1106 4150 1256 4213 traduntur,
1281 4149 1314 4203 ad
1328 4151 1446 4203 uuorem
1468 4152 1543 4203 bum
1559 4149 1726 4220 Caleayriam
1745 4163 1822 4216 mque
1839 4142 1868 4195 ad

283 4228 311 4270 et
328 4236 369 4289 pr.
395 4236 433 4283 m.
449 4219 475 4271 i.
505 4240 516 4269 ι
539 4218 734 4290 Expeditiorem
753 4219 820 4275 hene
832 4220 970 4275 lectionem
983 4224 1062 4277 etiam
1085 4228 1246 4299 'AEgyptum
1259 4229 1436 4299 Arabiamque
1444 4230 1620 4300 pertinentem
1629 4224 1869 4293 mmiubrmuim

281 4292 414 4347 Brunlius
427 4296 535 4359 ascivit,
554 4296 601 4347 etsi
623 4308 803 4353 correctorum
824 4298 944 4352 sollertiae
967 4301 1002 4352 sit
1016 4301 1063 4353 do·
1106 4324 1186 4377 quam
1211 4306 1350 4359 interduo
1365 4308 1496 4360 montium
1514 4305 1577 4377 juge
1596 4307 1698 4377 porrigi
1721 4304 1821 4364 satur.
1837 4302 1868 4352 ⁵¹⁸

283 4371 353 4436 bita,
367 4388 428 4425 cum
445 4372 472 4424 in
487 4372 593 4442 vulgate
606 4372 681 4427 liceat
694 4376 884 4447 simplicissime
898 4387 985 4431 vastos
997 4380 1063 4431 civi·
1106 4396 1193 4439 tamen
1204 4397 1235 4439 ut
1247 4385 1350 4439 Libano
1361 4388 1478 4450 Canum,
1489 4386 1641 4439 Antilibano
1650 4384 1776 4437 Libanum
1784 4380 1866 4432 substi-

281 4459 365 4503 tutum
375 4450 491 4504 ambitus
503 4452 647 4522 percipere.
663 4454 729 4507 Nam
739 4459 857 4525 στρατιῆς
871 4455 904 4508 ad
914 4456 999 4509 lenem
1009 4474 1063 4511 01·ae
1106 4474 1171 4516 tuat.
1187 4466 1226 4516 Ex
1241 4463 1288 4530 ¹bis
1307 4463 1440 4515 Libanum
1457 4481 1542 4533 usque
1560 4462 1594 4516 ad
1611 4462 1698 4514 sinum
1715 4459 1865 4515 dimitiam

281 4528 448 4598 longiuscule
468 4530 566 4583 ilerum
583 4542 699 4601 spectare
720 4535 884 4603 Musgmvius
896 4534 1011 4588 ostendit
1029 4536 1062 4589 ad
1106 4540 1211 4593 eamndi
1225 4551 1301 4612 putet
1323 4544 1369 4611 (ν.
1391 4543 1453 4610 954.
1481 4558 1544 4610 97ο.
1563 4538 1651 4611 9υ4),
1676 4538 1742 4592 adeo
1758 4548 1786 4590 nt
1802 4533 1867 4587 Sinai

175 4646 177 4651 -
281 4608 374 4677 Eurip.
397 4610 477 4660 Herc.
495 4612 587 4677 948.»
611 4612 790 4665 Branaannr.
810 4614 873 4682 ΙΙ-
892 4616 954 4683 879.
976 4614 1063 4680 πολιῆς
1108 4620 1204 4671 montis
1227 4618 1398 4673 chersonesus
1425 4636 1486 4689 pars
1513 4620 1548 4671 sit
1572 4619 1669 4689 Syriam
1692 4616 1792 4670 cision
1814 4626 1866 4662 '⁶⁰

282 4683 341 4745 ἇλδς
353 4685 375 4746 ie
389 4686 456 4738 bbere
470 4686 535 4756 ἔστρ.
548 4690 583 4744 G.
603 4689 614 4757 ΙΙ
630 4678 743 4745 -’880.
761 4692 930 4763 βαθυκρήμνου
946 4692 971 4755 b,
990 4694 1062 4762 βαθυ-
1106 4696 1211 4749 linense
1225 4696 1304 4750 debet
1313 4696 1407 4766 jugum
1417 4710 1571 4751 montanum
1581 4692 1653 4767 eund
1669 4695 1731 4748 inde
1743 4692 1775 4745 ab
1787 4689 1867 4744 Aetio·

282 4760 399 4829 κριίμυωο
417 4764 507 4825 σΗιζ,
530 4762 702 4834 πολυκριίμνου
717 4769 753 4828 4,·
768 4766 868 4820 habiero
882 4771 914 4822 F.
940 4789 950 4816 ι
972 4770 1063 4822 Casius
1106 4775 1171 4827 chiae
1184 4776 1291 4843 regione
1304 4785 1331 4827 et
1342 4774 1474 4828 Casictide
1486 4776 1621 4846 provincia
1633 4791 1716 4845 usque
1730 4770 1763 4825 td
1774 4770 1864 4823 Quom

282 4837 332 4889 iste
345 4855 439 4901 mons,
459 4838 487 4891 id
509 4841 582 4910 quod
601 4860 616 4895 e
630 4842 813 4915 descriptionis
828 4857 921 4899 nutura
934 4845 1010 4898 facile
1023 4859 1063 4900 est
1107 4853 1218 4922 AEgypto
1232 4854 1348 4905 vicinum
1360 4864 1446 4907 unctu
1460 4856 1589 4908 continuo
1600 4856 1781 4927 porrigeretur-
1796 4842 1865 4914 ΟΜ

282 4913 315 4966 ad
326 4913 576 4987 deprehendendum
587 4959 595 4983 ,
606 4938 659 4973 nen
673 4923 786 4992 pertinet
797 4923 829 4977 ad
843 4925 922 4995 Syriae
934 4921 1061 4987 montem,
1106 4930 1220 5001 denique
1230 4931 1265 4984 de
1277 4932 1418 5004 leesyria
1429 4938 1456 4988 in
1467 4934 1604 4987 meridiem
1617 4944 1645 4986 et
1662 4942 1747 4984 ertum
1759 4932 1866 4993 vugewle

282 4993 328 5063 qui
343 5003 453 5064 propter
462 5013 533 5049 mare
545 4999 666 5053 viciniam
679 5002 787 5053 Orontis
802 5002 942 5071 attingebat
954 5022 961 5067 ς
974 5003 1020 5055 sed
1040 5005 1063 5056 is
1106 5008 1229 5078 legimns,
1247 5010 1275 5063 id
1293 5011 1409 5081 pendere
1429 5011 1534 5065 ridetur
1557 5023 1590 5065 e'x
1609 5012 1695 5083 pravis
1712 5001 1864 5078 opinionibus

282 5073 447 5141 cognominis
464 5084 503 5126 est
514 5076 593 5145 Syriae
607 5080 734 5132 terminus
747 5085 756 5143 (
767 5098 791 5134 ν.
808 5080 936 5135 Herodot.
953 5098 979 5144 a,
996 5084 1062 5153 158)
1105 5104 1164 5157 quae
1177 5086 1211 5140 de
1222 5088 1317 5141 libani
1327 5100 1355 5141 et
1366 5090 1510 5143 Antilibani
1521 5091 1573 5143 situ
1584 5089 1655 5162 apud
1666 5098 1762 5141 ruem
1773 5095 1865 5151 Μ*

282 5148 315 5201 ed
327 5150 459 5204 Pelusium
471 5150 607 5225 lacumque
614 5157 780 5211 Sirbonidem
790 5170 935 5229 porrectus.
950 5163 1062 5213 »Βιιιπ-
1106 5153 1172 5235 phos
1184 5164 1349 5218 obtinebant.
1367 5166 1498 5220 Videlicet
1510 5165 1606 5221 berum
1620 5164 1746 5219 montium
1765 5165 1863 5212 inm

282 5242 384 5280 maur.
411 5227 512 5281 Εοθευι
541 5231 685 5303 medejam
711 5234 805 5287 iiiiiius
830 5247 968 5291 statuerat:
990 5238 1062 5293 baud
1105 5242 1197 5295 Strabo
1212 5250 1256 5312 ip.
1271 5244 1321 5311 755
1333 5244 1405 5309 Cas„
1418 5248 1481 5307 642,
1496 5247 1530 5305 4ο
1542 5228 1864 5316 IlidotJetl’telemeuissb
