3884 5925
599 456 774 515 statius
798 454 955 515 uosruttt
978 458 1150 517 tttutctt.
1638 470 1670 518 at

96 604 189 659 mura
203 584 285 653 major
298 586 378 652 cingit
393 584 464 635 urhis
478 584 542 635 latus
555 600 660 651 vergens
672 582 704 637 ad
716 576 853 645 orientem,

96 676 118 725 id
130 684 162 723 est
177 670 245 723 urbis
262 670 376 721 frontem
394 679 420 720 et
431 670 541 737 primam
555 668 717 737 peninsulani
730 684 855 737 promon-

97 762 147 813 torii
162 768 273 829 purtem,
293 757 319 807 in
338 774 390 825 qua
403 756 464 807 olim
484 755 588 807 luerunt
603 755 709 810 illustria
722 753 776 805 loca
789 770 856 805 nun·

97 856 176 915 rnpata
188 846 313 910 llaogana
330 852 356 894 et
371 842 522 897 Arcadianae
533 842 654 893 Thermae
668 852 693 893 et
711 842 801 911 prima,
814 859 853 891 re·

98 934 169 1001 pionis
185 948 254 1000 pars,
275 947 334 998 quae
355 929 503 981 eontinelmt
526 928 634 980 domum
660 926 777 981 placidio
803 930 856 979 rtu-

98 1028 177 1084 gista,
190 1014 294 1065 alomnm
310 1014 474 1064 nobilissimae
491 1014 616 1075 Marino,
634 1014 750 1082 porticus
763 1028 855 1081 perpe·

99 1113 147 1153 tuas
173 1099 248 1161 duas,
282 1098 377 1166 gradis
405 1108 525 1168 quatuor.
550 1101 580 1149 ln
610 1099 658 1149 hae
685 1100 761 1150 etiam
786 1097 857 1149 urbis

100 1185 172 1235 fronte
204 1183 250 1233 luit
270 1200 330 1251 pars
358 1182 477 1233 secundm
498 1182 626 1249 regionis,
653 1198 710 1251 quae
731 1181 763 1233 al)
783 1182 858 1231 initio

100 1270 178 1321 tlreatri
190 1270 295 1319 minoris
309 1278 368 1337 post
382 1268 551 1336 aerpualitatem
565 1266 672 1319 latenter
687 1268 756 1319 molli
770 1266 856 1317 suble·

100 1356 231 1416 interlito,
254 1372 314 1404 moa
329 1353 362 1405 ad
378 1372 448 1405 inane
464 1354 612 1423 praeeipitiis
629 1352 739 1423 abrupta
753 1352 858 1403 deseen-

99 1440 178 1501 delnt,
190 1439 336 1491 continebat
344 1440 370 1489 in
378 1438 536 1507 setemplum
549 1440 857 1511 magnnmetautiquum,

100 1536 215 1585 senatum,
236 1522 365 1585 tribunal,
382 1522 495 1574 thermas
507 1524 647 1593 Zeuxippi,
661 1524 776 1592 porticus
791 1540 860 1589 mag-

101 1630 138 1662 nas
158 1621 275 1679 quatuor,
297 1626 367 1661 nune
385 1611 500 1660 eontinet
514 1608 617 1661 claustri
637 1610 699 1679 regii
715 1620 812 1679 partein
825 1611 859 1659 si-

102 1710 145 1748 tam
166 1698 189 1747 io
207 1696 285 1747 latere
303 1697 381 1765 primi
402 1696 473 1747 urbis
491 1695 562 1747 collis
581 1698 725 1764 pertinente
747 1695 780 1747 ad
800 1696 860 1747 solis

102 1794 189 1843 ortum,
204 1798 281 1849 quem
299 1780 404 1849 quidem
417 1780 508 1832 collem
522 1781 615 1832 circuit
628 1780 716 1831 ultima
728 1798 787 1849 pars
798 1782 859 1831 Bos·

103 1869 149 1937 pori
161 1866 260 1935 proprie
271 1883 286 1917 a
299 1866 425 1934 Dionysio
433 1868 556 1934 Byzantio
569 1864 693 1935 appellata
704 1876 857 1935 promonto-

103 1954 159 2001 rium
171 1951 336 2020 Bosporium,
351 1951 377 2001 in
396 1966 450 2019 quo
464 1950 543 2002 situm
553 1948 602 2002 luit
615 1950 753 2019 antiquum
765 1954 862 2022 Byzan·

105 2048 168 2089 utrm.

424 2150 471 2208 Fr.
497 2158 524 2205 7.

133 2330 143 2347 ·
159 2308 195 2355 De
208 2303 396 2375 promontorio,
415 2303 508 2372 inquit,
524 2302 593 2372 quod
608 2302 757 2372 Bosporirrm
775 2302 862 2372 appel·

100 2390 191 2449 lemen,
211 2388 307 2460 duplex
324 2388 450 2453 vulgatur
469 2406 574 2440 scroto:
595 2388 644 2439 olii
663 2388 755 2439 dicunt
777 2388 862 2439 bouem

101 2486 166 2525 estro
180 2474 341 2525 stimulatum
353 2472 390 2524 ml
399 2474 483 2543 ipsum
495 2473 597 2524 illatam
608 2472 744 2524 transiisse
753 2486 863 2525 neentnm

102 2560 200 2611 aredium
209 2582 217 2619 ,·
225 2560 274 2609 otti
294 2559 426 2609 rebrelosins
433 2570 627 2609 conterremornnt
641 2562 671 2609 Io
681 2559 774 2611 Inneli
782 2560 863 2625 filiam

103 2646 166 2696 illine
179 2646 205 2696 in
221 2646 312 2696 Asiam
326 2644 470 2699 transiisse.

131 2730 199 2780 ldum
223 2732 363 2799 Dionysius
376 2730 436 2781 alibi
459 2732 515 2782 ait:
538 2750 632 2802 porum
653 2732 782 2797 rrbsnirse,
802 2734 865 2802 eprin

103 2816 247 2883 lirzontinrn
266 2814 416 2867 conderetur
430 2817 456 2868 in
476 2818 529 2868 loeo
543 2831 690 2889 arrocnpnto
703 2824 830 2887 Semystra
850 2838 867 2869 a

103 2902 192 2953 oretrice
207 2905 327 2952 Ceroersre
340 2901 434 2952 matris
450 2903 580 2971 Byzantir,
597 2904 649 2953 nisi
660 2921 753 2955 rorans
764 2905 867 2976 raperis·

101 3002 134 3039 set
144 3009 174 3040 ex
186 2988 271 3040 medin
277 2989 389 3056 flanimea
400 3001 501 3059 partem
516 2991 640 3048 rietirnee.
652 3009 756 3060 errorque
770 2992 796 3042 in
805 3011 867 3061 pro·

103 3075 246 3124 mootorinm
270 3072 421 3143 Burporinr'n
443 3075 559 3134 tulisset,
584 3074 653 3144 qnod
667 3075 769 3140 signum
787 3078 868 3128 arenti

102 3159 195 3210 coloniae
212 3157 350 3224 ,llepnrieee
370 3157 518 3210 deductores
534 3159 686 3226 [liventium
700 3161 869 3213 condederunt

105 3246 127 3294 in
136 3243 309 3313 promontorio
323 3231 446 3314 Bosporio
458 3246 509 3309 (V.
526 3243 590 3296 inira
606 3245 638 3297 ir,
658 3249 687 3297 18
697 3247 715 3314 l.

132 3328 199 3380 Idem
223 3327 275 3380 alio
299 3329 357 3379 loeo
385 3329 500 3397 loepritur
518 3327 550 3378 de
569 3332 674 3400 llletopo
695 3331 754 3382 loco
776 3333 809 3382 itu
825 3349 869 3400 ap·

103 3415 204 3483 pettam:
223 3415 386 3476 Ostrroelem,
410 3417 510 3484 ineptit,
538 3416 619 3467 loertm
636 3418 735 3488 exeipit
751 3422 870 3488 Metopon

103 3501 255 3570 appellatum
267 3519 301 3551 ex
316 3519 345 3551 eo
360 3500 429 3570 qnod
440 3501 512 3552 urbis
523 3502 641 3571 respectui
652 3503 783 3570 objicitur.
803 3507 871 3555 ll'nm

104 3587 209 3638 iatnetur
221 3587 309 3658 ipnror
319 3588 520 3657 promontorium
537 3590 685 3660 liosporirnn
700 3589 753 3656 (V.
769 3590 800 3643 ir.
814 3591 870 3656 27).

133 3674 292 3742 ll'ioeplrorus
308 3674 444 3725 historiens
457 3675 566 3744 appellat
578 3679 786 3744 promontorium
800 3678 873 3746 arpui·

104 3757 192 3812 lorure.
201 3783 212 3803 ι
224 3758 443 3828 Pnispiieielmtur,
452 3761 546 3828 inquit,
559 3760 644 3812 classis
657 3761 808 3812 latinorum
818 3759 872 3830 jam

106 3845 314 3911 praternarigans
340 3845 454 3912 llyrantii
479 3845 627 3912 aquilonare
647 3847 871 3913 promontorium,

106 3930 144 3980 ubi
156 3929 214 3981 duae
226 3940 312 3980 turres
324 3940 478 3981 constructae
492 3932 618 3981 exsistunt
629 3948 660 3980 es
670 3929 798 3999 lapidibus
810 3931 873 3982 alliis

106 4025 126 4064 et
139 4015 264 4083 expolitis,
281 4014 326 4064 ulai
340 4015 416 4065 etiarn
434 4015 557 4066 Demetrii
573 4015 692 4084 martyris
706 4017 873 4067 constitutum

107 4111 138 4148 est
163 4100 305 4169 templum
335 4099 473 4151 ridebatur
494 4111 579 4152 alitem
606 4102 703 4152 latirus
731 4101 874 4154 laboriosus

110 4185 222 4237 lleimols
236 4187 317 4237 maris
330 4188 440 4237 vortices
451 4196 476 4238 el
486 4185 555 4237 velut
565 4186 725 4257 labyrinthos
736 4188 873 4256 quostiam,

110 4273 146 4338 qui
156 4271 203 4324 illie
212 4289 317 4342 semper
329 4271 385 4323 fieri
395 4273 478 4324 solent
494 4271 526 4324 ad
541 4271 735 4326 similitudinem
748 4273 836 4342 Scyllae
850 4283 876 4324 et

110 4358 253 4428 [lrarpbdia
268 4375 333 4428 quas
342 4360 426 4411 Greci
435 4359 573 4411 decantant
584 4360 609 4414 iu
619 4357 684 4414 freto
693 4359 779 4411 Siculo
787 4377 850 4410 esse.
862 4385 871 4403 ·

438 4507 487 4565 Fr.
512 4517 540 4564 8.

934 582 1687 663 SirniliterCyn‘eiluitamApolliuisEcbasii.Argonauta),

901 673 986 741 inquit
1004 672 1156 741 Apollonius
1170 675 1208 737 (r,
1220 656 1294 741 poti),
1311 688 1371 723 eum
1390 689 1482 723 navem
1499 681 1571 723 extra
1585 672 1677 725 urium

901 755 1077 827 appulissent,
1101 758 1220 825 Cyziceni
1244 756 1299 807 illos
1318 756 1425 807 interius
1444 774 1535 809 narem
1551 758 1680 829 appellere

902 853 1038 895 suaserunt
1061 844 1087 894 in
1101 853 1207 913 portum
1222 842 1310 902 urbis,
1329 841 1374 893 uhi
1393 841 1503 895 Ecbasio
1521 843 1635 911 Appllini
1651 844 1686 925 ip,

902 928 987 979 littore
1005 946 1077 979 siam
1100 929 1246 979 excitarunt
1263 944 1296 977 ea
1317 944 1365 988 eo,
1388 924 1459 995 quod
1476 928 1547 979 navis
1563 929 1683 1005 Arpoim

904 1012 1050 1063 Dolioniam
1078 1030 1177 1079 egressa
1207 1011 1305 1062 luisset.
1336 1010 1475 1063 Deiloclrus
1505 1014 1564 1081 (ap.
1596 1012 1676 1063 schol.

904 1099 988 1167 spott.
1007 1098 1046 1151 l.l
1066 1099 1074 1167 l
1094 1098 1219 1167 templum
1237 1115 1292 1147 esse
1304 1094 1382 1159 dicit,
1395 1115 1447 1149 non
1465 1097 1566 1151 Frlmsii
1583 1098 1680 1167 Apolli

903 1186 951 1247 nis,
967 1184 1012 1235 sed
1025 1186 1122 1235 lusonii
1138 1184 1271 1254 Apollinis.
1294 1184 1410 1235 Socrates
1423 1186 1432 1249 (
1444 1171 1469 1232 il
1491 1176 1679 1243 ’timoratae

902 1288 944 1339 ap.
960 1270 1038 1323 eund.
1063 1268 1143 1322 scliol.
1159 1268 1245 1335 )‹licit
1265 1266 1291 1317 iel
1312 1268 1438 1337 ternplum
1462 1268 1584 1338 appellari
1605 1271 1679 1337 (lizi-

902 1356 958 1405 ceni
982 1355 1117 1423 Apollinis.
1141 1358 1227 1421 Quam
1256 1353 1395 1420 Dionysius
1420 1353 1530 1423 appellat
1554 1355 1680 1405 Eclmsiotr

904 1441 1063 1501 Minervam,
1080 1456 1214 1509 possemus
1229 1438 1306 1488 etiarn
1320 1438 1447 1506 appellare
1461 1440 1638 1500 Eclrateriam,
1653 1450 1683 1489 ut

903 1528 1011 1601 Syphnii
1025 1535 1134 1585 Dianam
1146 1534 1307 1604 appellarunt
1315 1537 1324 1599 (
1332 1534 1475 1603 Hesychius
1487 1551 1493 1585 :
1503 1526 1682 1601 Ἰίκῧατηρίας

907 1618 943 1686 [l.
958 1609 1123 1688 'Mvttpia
1138 1632 1183 1673 aut
1199 1613 1375 1692 ’liniat-mule
1387 1614 1394 1687 ]
1408 1611 1528 1689 Ἄρτεμις
1542 1614 1568 1669 ἐν
1584 1613 1692 1691 Σίφνῳ),

905 1784 940 1834 11.
955 1787 994 1835 De
1004 1784 1135 1837 orations
1150 1786 1264 1839 Ceratini
1275 1787 1390 1850 cingente
1407 1783 1479 1835 urbis
1492 1783 1561 1834 lettres
1579 1802 1682 1847 uergens

982 1868 1020 1919 od
1030 1871 1231 1941 septentriones,
1246 1883 1271 1923 rt
1285 1871 1317 1921 de
1330 1872 1384 1939 ejns
1396 1868 1513 1937 antiquis
1526 1868 1598 1921 loris.

941 2014 1037 2064 lvloenia
1047 2012 1119 2063 urbis
1128 2031 1144 2064 a
1153 2014 1313 2083 Propontide
1328 2014 1452 2084 usquead
1465 2033 1616 2067 mueronem
1625 2033 1685 2085 pro-

908 2100 1030 2150 montorii
1049 2100 1167 2168 Bosporii
1187 2101 1320 2153 alluuntur
1342 2104 1466 2153 extremis
1486 2101 1602 2154 laticibus
1621 2104 1685 2155 llos-

908 2184 965 2251 pori
980 2184 1050 2235 nullo
1066 2185 1150 2253 spatio
1164 2203 1178 2236 a
1194 2186 1323 2237 moenibus
1337 2197 1362 2237 et
1381 2188 1446 2238 mari
1462 2188 1621 2257 intennissn,
1637 2190 1685 2241 nisi

907 2268 984 2337 paulo
995 2279 1132 2337 antequam
1145 2271 1310 2338 perveniatur
1320 2272 1354 2323 ad
1364 2274 1519 2340 Bosporinm
1535 2290 1686 2324 mueronem

906 2354 1079 2404 ducentorum
1106 2371 1230 2423 passuum
1255 2357 1282 2407 iu
1306 2356 1512 2423 longitudinem,
1534 2358 1579 2409 ubi
1598 2358 1686 2409 navale

907 2438 1031 2505 exiguum
1048 2428 1180 2505 regiorum
1197 2440 1360 2504 lemborum,
1378 2443 1472 2511 quibus
1487 2444 1621 2510 enavigare
1641 2462 1686 2494 res

908 2522 973 2575 solet
993 2524 1019 2575 iu
1034 2540 1109 2591 agros
1127 2523 1307 2588 suburbanos,
1318 2536 1343 2577 et
1357 2528 1483 2579 machina
1498 2527 1603 2581 lrellica.
1623 2528 1688 2579 lude

909 2628 922 2660 a
936 2628 1062 2662 mucrone
1075 2615 1248 2679 promontorii
1264 2615 1397 2683 Bosporii,
1412 2612 1481 2665 unde
1495 2615 1585 2683 incipit
1598 2630 1643 2665 ora
1655 2616 1688 2665 si·

911 2714 958 2747 nus
974 2698 1087 2749 seratini
1102 2697 1224 2750 claudens
1236 2699 1303 2751 latus
1318 2700 1389 2752 urbis
1401 2718 1555 2751 conversum
1571 2700 1604 2752 ad
1616 2704 1689 2770 aqui·

911 2780 996 2832 ionem
1018 2800 1100 2851 usque
1123 2785 1156 2835 ad
1173 2784 1251 2835 linem
1268 2786 1355 2845 urbis,
1374 2788 1468 2837 rnoerria
1487 2804 1539 2837 non
1559 2787 1689 2853 attingunt

913 2886 1000 2931 mare,
1023 2868 1067 2920 sed
1089 2871 1200 2940 spatium
1222 2872 1381 2940 relinquunt.
1408 2871 1488 2938 Quod
1513 2872 1587 2941 quale
1609 2875 1642 2924 sit
1664 2884 1690 2925 et

912 2965 1056 3023 qnantum,
1073 2955 1201 3025 quibusve
1220 2957 1297 3009 rebus
1305 2967 1466 3032 ‘occupatum
1478 2957 1561 3010 diram
1574 2975 1621 3028 per
1632 2975 1692 3027 par.

913 3051 959 3092 tes.
982 3041 1011 3092 ld
1026 3044 1100 3110 spatii
1117 3043 1188 3112 qnod
1200 3053 1238 3094 est
1257 3046 1283 3094 iu
1297 3061 1400 3094 summo
1420 3061 1560 3105 mucrone,
1578 3054 1648 3114 patet
1663 3046 1692 3096 in

913 3127 1077 3180 latitudinem
1095 3130 1189 3182 alieubi
1208 3131 1310 3181 circiter
1330 3130 1420 3196 viginti
1437 3147 1576 3199 passuum,
1592 3129 1637 3180 secl
1656 3129 1690 3182 la·
1733 3197 1737 3203 ἡ

914 3215 1006 3264 limem
1021 3198 1156 3276 mediam,
1178 3231 1270 3283 nernpe
1286 3216 1389 3266 cire-iter
1402 3217 1532 3283 octoginta
1548 3232 1689 3285 passuum,

915 3300 958 3350 uiri
977 3311 1015 3350 est
1032 3302 1148 3389 popicns
1169 3310 1235 3352 tecta
1254 3301 1376 3370 plumbo,
1398 3313 1538 3354 sustentata
1561 3301 1691 3354 duodenis

914 3385 1041 3436 columnis
1061 3388 1196 3436 marmoris
1209 3386 1318 3455 ophitae,
1334 3388 1450 3456 laqueata
1461 3387 1597 3438 lacus-alis
1615 3406 1690 3440 anru-

915 3472 947 3520 tis
960 3481 985 3521 et
998 3471 1097 3539 persica
1110 3481 1164 3522 arte
1177 3473 1268 3540 pictis,
1281 3473 1375 3538 exiguo
1390 3473 1471 3523 virete
1483 3474 1583 3535 cineta;
1598 3490 1650 3542 pne
1665 3491 1692 3523 se

916 3555 992 3605 lialret
1006 3557 1164 3624 Bospmum,
1180 3573 1195 3606 a
1213 3566 1286 3622 tergo
1299 3567 1400 3625 portam
1416 3556 1541 3618 ferream,
1558 3575 1609 3625 qua
1620 3569 1692 3626 patet

915 3639 1001 3691 aditus
1013 3642 1039 3690 in
1051 3640 1191 3691 claustrum
1204 3642 1314 3708 regium.
1335 3643 1396 3692 llaec
1409 3652 1497 3711 aperta
1512 3643 1692 3709 navigantilns

917 3728 1006 3792 retegit
1019 3725 1266 3788 riameleeumanam
1278 3728 1339 3792 regii
1357 3727 1425 3779 liorti
1440 3729 1550 3779 rnnttner
1562 3746 1694 3796 assurgen-

918 3824 967 3865 tem
983 3812 1016 3864 ad
1031 3816 1097 3881 regis
1116 3813 1250 3882 palatium.
1266 3814 1306 3865 ab
1324 3815 1372 3866 liae
1386 3817 1489 3884 porticu
1502 3833 1583 3882 nsque
1597 3815 1630 3865 ad
1651 3833 1694 3866 nr·

919 3898 957 3948 nis
969 3910 1070 3968 portam
1085 3900 1174 3950 Oriam
1186 3899 1335 3970 appellatam
1346 3918 1391 3951 nra
1403 3901 1546 3953 intermissa
1558 3901 1626 3954 iuter
1638 3917 1694 3952 rnn-

920 4000 978 4034 rum
998 3985 1081 4050 regios
1099 3983 1189 4034 liortos
1205 3983 1366 4036 claudentem
1380 3995 1405 4035 et
1424 3984 1495 4036 littus
1509 3985 1608 4049 magilis
1626 3986 1695 4036 saxis

919 4069 1103 4137 pnrmunitum
1128 4068 1224 4120 inclusa
1247 4078 1359 4132 tenetur,
1388 4088 1402 4121 a
1421 4087 1480 4134 rege
1502 4069 1601 4120 eonsita
1619 4067 1695 4120 malis

919 4155 1020 4222 puniris
1031 4156 1173 4222 ceterisque
1181 4155 1285 4224 plantis.
1299 4157 1330 4206 ln
1343 4174 1395 4224 qna
1408 4155 1492 4206 media
1505 4164 1544 4205 est
1557 4153 1696 4207 mediocria

920 4258 1034 4292 recessus
1052 4225 1144 4307 maris,
1163 4259 1242 4310 opere
1259 4241 1387 4292 abductus
1405 4243 1431 4293 in
1449 4251 1541 4292 tectam
1557 4241 1695 4294 stationem

921 4329 1092 4395 navigiorum,
1105 4329 1200 4397 quibits
1209 4328 1320 4380 cultores
1331 4329 1461 4394 regiorum
1472 4327 1608 4380 hortorum
1618 4335 1696 4379 utun·

922 4423 964 4465 tur
986 4413 1020 4464 ad
1046 4413 1162 4466 vehenda
1187 4415 1239 4481 regi
1264 4415 1413 4467 necessaria.
1440 4417 1518 4466 Jnrta
1542 4424 1581 4466 est
1602 4413 1697 4464 domus

920 4515 1032 4559 amo‘na,
1047 4515 1101 4568 pra·
1120 4517 1148 4550 se
1161 4499 1259 4550 haliens
1279 4517 1395 4561 mare,a
1415 4509 1487 4565 tergo
1506 4509 1625 4568 portam,
1644 4517 1696 4568 qua

921 4593 991 4652 patet
1003 4581 1089 4634 aditus
1103 4585 1131 4634 in
1152 4585 1234 4650 regies
1253 4584 1351 4636 lmrtos.
1367 4587 1397 4640 ln
1413 4584 1481 4635 lianc
1498 4583 1606 4636 domum
1627 4603 1695 4636 sece-

143 4663 172 4711 In
184 4660 229 4712 loc
239 4660 420 4732 promontorio
428 4660 570 4729 Dionysius
579 4662 656 4732 ponit
670 4679 743 4712 oram
758 4661 880 4714 trimme
921 4665 983 4718 dere
1003 4667 1093 4720 solitus
1111 4670 1188 4734 regiis
1209 4669 1292 4730 hortis
1313 4668 1448 4738 praelectus
1467 4671 1613 4736 negotiatur
1635 4687 1696 4721 eum

116 4745 222 4796 Erlasioe
240 4765 273 4797 ea
288 4765 316 4798 eo
335 4745 491 4807 nominare,
507 4745 577 4815 qnod
595 4745 644 4797 lrrre
657 4747 749 4811 egressi
763 4747 879 4817 primum

70 4893 72 4895 ¹
114 4829 207 4882 colonio
224 4831 374 4884 deductores
391 4831 485 4884 statim
506 4844 628 4904 tonqrmm
639 4851 688 4904 pro
704 4845 799 4906 petrin
812 4845 879 4886 terra

113 4927 267 4981 pugnassent.

149 5128 189 5175 rr.
208 5141 233 5192 7.
249 5125 350 5194 Duplex
373 5127 500 5191 rnlgrnnr
518 5143 600 5179 senno
616 5127 677 5197 ete]
700 5128 741 5179 Sic
760 5131 877 5198 Dionysii

120 5201 187 5252 rerln
201 5202 303 5254 exhibet
321 5203 422 5272 Gyllins
443 5205 483 5255 De
498 5204 650 5275 topograph.
672 5207 761 5257 Coost.
781 5224 807 5276 p.
835 5207 876 5275 59.

923 4751 994 4802 nrlris
1018 4752 1117 4803 incolis.
1140 4753 1201 4803 llaec
1219 4771 1265 4804 ora
1277 4754 1427 4822 priusquam
1445 4764 1511 4806 esset
1524 4771 1649 4806 conversa
1668 4757 1707 4810 iu,

922 4837 1032 4889 claustra
1040 4838 1123 4903 regia,
1135 4837 1284 4889 contioelnt
1296 4837 1389 4890 domos
1399 4841 1555 4908 piscatorum
1571 4849 1597 4892 et
1610 4839 1696 4891 lorum

923 4923 1076 4992 piscarium
1090 4939 1149 4972 cum
1165 4940 1226 4972 vero
1239 4923 1417 4992 Byzantiorum
1429 4923 1573 4994 respublica
1582 4913 1695 4988 limeret,

922 5129 1017 5178 Nostro
1039 5127 1096 5178 loeo
1118 5145 1168 5197 pro
1192 5128 1233 5179 liis
1258 5129 1322 5181 uilril
1344 5131 1392 5181 nisi
1419 5130 1473 5181 lruc
1495 5150 1500 5183 :
1582 5132 1698 5202 appello·

924 5225 989 5257 orris.
1025 5207 1199 5272 Perrnlgatnr
1221 5227 1302 5259 sermo
1325 5208 1412 5260 borrm
1438 5221 1515 5258 restro
1536 5210 1699 5259 rtinrnlntmn
