3884 5925
207 463 242 512 ro
811 449 986 510 Dtottttstt
1007 448 1193 510 Btzlttttt

202 597 309 636 omnem
328 571 505 651 posteritatem
527 579 717 642 illustrissimis,
733 593 798 648 quse·
810 579 858 631 etsi
874 577 983 650 lapidee
1027 587 1293 646 nauseantemque
1306 578 1394 647 petitu
1410 576 1523 647 conjicio
1534 577 1655 647 mbquias
1667 576 1812 630 esseillius

202 665 386 736 sempiternam
409 665 562 718 memoriam
588 663 750 732 reliquerunt
772 681 826 716 non
847 662 927 716 modo
952 664 984 715 iis
1026 679 1129 714 encore
1145 662 1336 730 Argomnticsr.
1350 686 1361 707 ι
1375 661 1555 732 Hecqnidem
1576 663 1712 715 Atrianus.
1729 661 1813 715 Unde

120 813 123 820 .
203 749 266 804 locis
275 788 283 814 ,
293 749 340 803 ubi
359 759 465 802 vetustte
479 747 574 802 sedatae
588 758 665 812 sunt,
680 747 726 800 sed
739 749 817 802 etiam
831 748 880 800 illis
888 787 896 812 ,
911 747 985 801 unde
1018 758 1115 801 autem
1127 747 1246 816 colligam
1260 748 1382 818 reliquias
1394 765 1497 801 aucum
1510 747 1645 800 Phasiane
1659 765 1715 800 esse
1729 747 1813 812 illius,

203 853 278 888 nove
285 845 399 904 anneptar
408 833 523 897 inerant;
532 832 679 902 eujusmodi
691 833 747 886 haec
759 851 818 903 que
832 843 985 904 promonto·
1027 850 1107 902 quam
1118 841 1286 903 sumpserunt
1305 850 1321 884 a
1337 832 1520 904 promontorio
1532 836 1660 904 Ancyraeo
1680 832 1817 902 Bospori?

203 923 381 991 rioAncyraeo
392 937 488 973 nomen
497 919 621 989 imposuit
629 917 798 988 eaeo,quod
810 918 872 970 hinc
880 927 984 988 sumpta
1027 918 1220 972 Proleeto'non
1238 918 1345 972 aliunde
1363 937 1468 991 quama
1479 919 1614 972 nobilitate
1630 921 1812 990 scriptorum:

204 1007 372 1062 laedamini
391 1005 498 1076 quidem
515 1016 585 1058 certe
599 1015 726 1068 veterem,
751 1021 876 1075 quamez
890 1003 985 1074 Cyzico
1028 1007 1073 1076 qui
1095 1007 1118 1058 si
1139 1007 1208 1058 inter
1233 1008 1446 1077 promontorium
1471 1011 1630 1078 Ancyreum
1655 1017 1682 1058 et
1706 1006 1816 1058 Phasim

203 1103 382 1164 sumpserant,
398 1095 425 1144 in
438 1092 621 1163 promontorio
636 1094 764 1160 Aneyraeo
775 1090 890 1143 relictam
905 1088 985 1142 luisse
1028 1101 1277 1145 commemorassent
1290 1093 1411 1145 Iasonem
1432 1110 1556 1146 ancoram
1574 1091 1614 1144 rel
1625 1093 1754 1162 accepisse
1772 1090 1816 1144 rel

140 1227 141 1235 ,
203 1195 352 1248 nomenque
369 1179 428 1231 looo
447 1177 577 1249 peperisse
596 1176 759 1229 verisimilius
779 1175 883 1228 ridetur
905 1192 985 1245 quam
1028 1178 1176 1248 reliquisse,
1194 1197 1248 1230 non
1263 1177 1388 1231 defuisset
1401 1181 1511 1249 posteris
1523 1179 1595 1231 locris
1608 1178 1752 1231 celebratus
1763 1196 1816 1230 no-

204 1281 308 1329 noram,
321 1281 380 1335 qne
393 1282 409 1316 a
421 1265 504 1334 poetis
513 1262 640 1316 duntaxat
646 1273 750 1333 sumpta
760 1262 839 1315 luisse
847 1281 863 1316 a
872 1263 983 1332 Cyzico,
1028 1266 1100 1318 mine
1110 1282 1214 1317 anurrae
1224 1264 1348 1329 Iasonia,
1359 1275 1389 1317 ut
1400 1281 1452 1319 non
1464 1264 1549 1317 deluit
1559 1265 1668 1334 quercui
1676 1263 1815 1327 Marianae,

203 1350 290 1404 relicta
302 1367 364 1402 vero
373 1349 460 1419 Cyzici
469 1366 545 1402 exesa
554 1349 679 1418 temporis
692 1359 818 1401 vetustate
829 1348 983 1412 celebratur,
1028 1363 1111 1424 portu,²
1128 1353 1235 1421 ingenio
1247 1362 1322 1415 sata,
1338 1369 1434 1422 quum,
1454 1361 1484 1404 ut
1496 1351 1589 1404 Cioeru
1604 1351 1656 1411 sit,
1671 1367 1733 1401 eum
1745 1360 1816 1402 tem.

203 1445 233 1488 ut
247 1435 281 1488 ab
294 1434 434 1505 Apollonio
445 1436 455 1501 (
466 1451 490 1498 1,
502 1432 570 1502 955)
584 1432 703 1486 tradente
716 1451 839 1486 ancoram
857 1432 985 1503 lapideam
1028 1449 1113 1512 pestus
1125 1449 1269 1492 vetustusve
1280 1439 1483 1509 consumpserit,
1497 1448 1583 1490 tamen
1594 1437 1646 1489 erit
1655 1438 1684 1488 iu
1692 1436 1734 1488 his
1747 1435 1815 1488 locis

203 1528 311 1590 propter
323 1527 476 1571 venustatem
493 1518 559 1569 mari
575 1534 708 1570 corrosam
722 1516 850 1570 solventes
862 1535 894 1570 ex
906 1527 986 1588 portu
1030 1542 1159 1596 quercus,
1170 1543 1250 1595 quum
1260 1527 1407 1578 Mus-iarum
1424 1524 1566 1576 vorabunt.
1581 1531 1700 1576 Auooras
1712 1524 1817 1576 Iasonis

204 1606 332 1676 Cyzicena
341 1613 504 1674 Argonautas
512 1603 646 1673 reliquisse
655 1604 683 1656 in
693 1605 799 1657 Artacie
813 1603 894 1667 lente,
907 1613 986 1673 atque
1029 1611 1148 1681 quumvis
1162 1620 1275 1663 vetustus
1292 1610 1471 1680 consumpsit,
1491 1617 1580 1683 tamen
1596 1607 1743 1660 litterariam
1756 1625 1817 1660 mo-

204 1691 311 1744 nitemur
333 1691 489 1762 sumpsisse,
506 1689 673 1760 Milesiosqne
693 1709 726 1743 ea
739 1691 825 1744 Attica
839 1691 866 1742 in
880 1691 984 1742 Cariam
1029 1696 1163 1748 sumentis
1183 1705 1211 1747 et
1228 1694 1347 1748 loeoruru
1360 1703 1524 1766 permanent.
1542 1695 1602 1746 Jam
1614 1694 1717 1754 sinum,
1732 1710 1815 1762 quem

203 1787 229 1830 et
249 1777 388 1847 Phrygiam
412 1775 540 1828 coloniam
558 1775 717 1828 deducentes
735 1793 767 1829 ea
785 1774 857 1828 sonte
879 1776 987 1828 Artacie
1029 1779 1127 1839 claudit
1136 1780 1348 1851 promontorium
1367 1784 1537 1850 Ancyreum,
1552 1777 1645 1846 rupis
1657 1778 1817 1830 Graecorum

203 1864 321 1918 tollentes
332 1881 494 1916 consecrasse
507 1873 535 1916 et
547 1861 679 1915 dedicasse
694 1861 792 1933 templo
804 1862 932 1932 Cyzicena
944 1864 986 1914 Ia·
1030 1865 1141 1938 appellat
1155 1857 1229 1935 {yios
1245 1856 1379 1934 Σιδήρου,
1393 1883 1426 1918 ex
1443 1883 1476 1918 eo
1488 1864 1612 1927 sortasse,
1627 1861 1701 1934 quod
1718 1863 1756 1915 ibi
1768 1863 1818 1916 att·

204 1952 285 2004 aoniae
298 1951 422 2003 Minerva
438 1948 472 2002 de
488 1966 540 2020 qua
556 1949 654 2002 Plinius
667 1947 730 2020 (36,
746 1950 797 2016 23)
819 1966 825 2002 :
844 1947 944 2000 Eadem
958 1947 987 2000 in
1029 1951 1136 2022 quando
1148 1951 1198 2004 luit
1209 1951 1277 2005 aedas
1287 1950 1342 2004 diri
1353 1947 1447 2015 Sideri,
1455 1967 1535 2021 quem
1545 1961 1632 2026 nautae
1646 1960 1815 2012 venerantur,

203 2035 300 2110 oppido
311 2038 441 2107 (Cyzici),
460 2037 563 2106 inquit,
577 2041 614 2090 csl
627 2037 696 2107 lapis
709 2035 846 2104 fugitiuus
864 2034 985 2107 appello·
1030 2048 1060 2090 ut
1081 2055 1181 2090 sacram
1215 2055 1358 2102 ancoram,
1383 2053 1463 2107 quam
1486 2034 1557 2088 idem
1580 2035 1672 2105 vulqus
1704 2035 1819 2106 appellat

205 2133 266 2184 tns;
285 2125 445 2189 Argonautae
464 2139 493 2174 eo
511 2139 563 2193 pro
582 2139 678 2173 ancora
698 2121 740 2174 usi
762 2121 917 2192 reliquerunt
936 2119 984 2173 ibi.
1032 2115 1150 2194 σίδηρον.
1290 2107 1297 2120 '

205 2209 283 2260 Hune
296 2226 309 2259 e
320 2211 448 2276 Prytaneo
465 2206 524 2278 (ita
537 2217 649 2259 uocatrrr
658 2207 743 2276 locus)
760 2224 828 2279 saepe
843 2206 987 2278 pmsagurn
1065 2211 1260 2281 Antiquissimis
1278 2211 1443 2264 heroicarum
1457 2220 1562 2263 etatum
1578 2207 1741 2278 temporibus
1753 2225 1821 2260 usos

203 2290 311 2344 vinxere
316 2292 434 2363 plumbo.
450 2293 527 2345 Hunc
549 2293 636 2362 ipsum
648 2292 763 2346 arbitror
781 2303 827 2346 aut
841 2292 903 2346 huic
914 2292 987 2344 sinai·
1029 2297 1133 2350 suroris
1152 2294 1259 2366 lapideis
1279 2295 1358 2348 luisse
1376 2293 1529 2350 incredibile
1547 2293 1629 2346 rideri
1647 2310 1703 2346 non
1720 2292 1818 2356 debet,

203 2375 254 2430 lem
281 2376 354 2430 ilium
382 2394 462 2447 quem
485 2375 566 2430 tradit
590 2378 732 2448 Dionysius
757 2377 836 2430 luisse
856 2377 984 2448 Byzantii.
1029 2401 1091 2436 cnm
1104 2393 1194 2436 bosna
1206 2392 1282 2435 etate
1295 2381 1383 2435 multae
1395 2383 1515 2435 nationes
1523 2411 1538 2446 ,·
1545 2398 1600 2433 non
1613 2378 1694 2450 modo
1711 2380 1740 2432 in
1754 2379 1821 2433 ulti·

204 2463 304 2528 Paulo,
317 2465 420 2534 inquit,
434 2480 516 2535 supm
527 2481 671 2516 mucronem
681 2462 854 2536 pmrrumtorii
865 2463 984 2535 Bospori,
1030 2469 1081 2520 mis
1102 2468 1180 2550 teffis
1192 2483 1277 2537 nuper
1296 2468 1407 2536 cognitis
1421 2468 1491 2531 sitae,
1512 2465 1651 2520 sedetiam
1663 2465 1692 2518 in
1712 2483 1820 2518 recessu

204 2548 232 2600 in
249 2565 300 2620 quo
311 2548 467 2618 Byzantium
483 2547 565 2602 situm
581 2561 635 2612 est,
654 2567 703 2602 nra
720 2549 844 2602 Minervae
866 2548 987 2602 usumin
1014 2554 1125 2607 'intimo
1142 2554 1302 2607 Arsinoitieo
1314 2555 1388 2605 mnus
1406 2552 1528 2616 Arabici,
1546 2570 1600 2604 non
1613 2550 1694 2608 modo
1712 2552 1822 2604 moeris

203 2633 298 2688 existit
307 2633 335 2687 in
345 2633 407 2692 loeo,
416 2632 454 2686 nd
458 2651 537 2703 quem¹
544 2634 638 2700 egressi
655 2634 762 2686 colonie
770 2633 987 2686 deductoreseon·
1030 2638 1138 2709 lapideis
1152 2637 1251 2691 Arabes
1262 2637 1464 2707 AEtbiopasque,
1478 2635 1524 2690 sed
1541 2636 1621 2689 edam
1635 2635 1745 2688 mribus
1756 2654 1821 2688 om·

197 2718 293 2788 sertim
300 2728 463 2790 pugnantnt,
478 2730 604 2788 tanquam
612 2736 664 2790 pro
671 2718 764 2790 patrio
774 2718 829 2771 solo
840 2717 885 2788 (V.
897 2717 929 2770 lr.
946 2721 985 2786 8).
1030 2726 1072 2778 uis
1080 2725 1141 2778 terri
1148 2725 1300 2797 expertibus
1307 2725 1439 2794 navigent,
1447 2741 1513 2794 quas
1523 2724 1595 2795 (cum
1603 2741 1687 2776 msem
1698 2725 1726 2776 in
1735 2735 1822 2794 ροηιι

202 2802 277 2856 Idem
289 2803 430 2873 Dionysius
438 2801 483 2870 (lr.
498 2805 526 2872 9)
544 2801 616 2856 addit
630 2821 711 2875 prope
726 2803 850 2875 templum
865 2803 989 2856 ttiremoe
1030 2829 1110 2882 quem
1124 2811 1223 2866 Arabes
1236 2829 1308 2864 nunc
1321 2823 1418 2866 vomui
1430 2815 1491 2876 Tur,
1501 2813 1587 2865 cruri
1599 2829 1662 2864 vero
1673 2810 1818 2874 Rhaithou,

203 2889 418 2958 Ecbnsioejuisse
432 2889 544 2961 lapidem
558 2891 584 2942 in
599 2907 668 2942 mare
680 2890 839 2952 eminentem,
854 2909 928 2961 quem
939 2895 989 2959 By·
1030 2899 1160 2954 wionism
1181 2900 1384 2953 Rhaithinorum
1403 2899 1564 2971 populorum
1583 2897 1675 2952 Felicis
1696 2897 1819 2962 Arubiae,

205 2977 324 3031 sentinis
332 2977 360 3029 in
370 2976 453 3030 locum
464 2978 619 3030 ornatiorem
627 2996 709 3049 supra
719 2977 838 3031 stadium
850 2979 989 3046 transferri
1030 2985 1199 3039 distantem
1212 2996 1303 3039 moute
1316 2986 1401 3040 Siuaeo
1414 2987 1465 3038 iter
1477 2986 1582 3037 circiter
1594 2982 1679 3037 duum
1693 2982 1820 3051 dimum)

204 3060 358 3115 conantibus
367 3080 418 3114 non
420 3062 572 3134 permisisse
581 3080 608 3115 se
618 3060 765 3132 transferri,
776 3063 829 3115 sire
836 3062 906 3134 qnod
914 3082 987 3115 arran·
1031 3074 1152 3144 perspexi
1164 3083 1270 3126 onustus
1283 3071 1382 3126 divitiis
1394 3072 1529 3136 Arubirr's,
1543 3070 1620 3123 nullis
1632 3070 1712 3123 elaris
1724 3069 1819 3123 thu-sis

204 3158 243 3199 ret
261 3146 344 3227 locum
363 3146 432 3199 mari
454 3146 577 3209 nisinun,
595 3147 651 3200 sine
670 3146 734 3218 qnia
751 3148 893 3200 ostenderet
906 3148 986 3219 parvi
1032 3168 1194 3229 sommus,
1208 3156 1254 3211 ,sd
1268 3156 1414 3212 tabularum
1428 3154 1649 3226 conjunctissimis
1659 3155 1819 3210 summ.

205 3233 327 3286 momenti
339 3251 392 3286 esse
399 3233 499 3305 pietati
512 3233 636 3289 diuitias.
650 3235 700 3287 iiic
712 3234 775 3306 lapis
787 3246 815 3287 ut
829 3235 878 3288 luit
892 3238 989 3306 Byzan·
1032 3244 1077 3307 ris,
1095 3242 1225 3313 colligatas
1236 3242 1373 3306 funiculis,
1388 3242 1545 3311 rbrsiuaque
1558 3239 1672 3293 imbutas
1690 3239 1818 3306 odoram

204 3318 234 3372 ili
244 3336 327 3390 prope
335 3336 407 3371 amm
420 3320 545 3372 Minervae
554 3318 670 3372 Ecbttslae
682 3357 691 3384 ,
704 3321 740 3373 lin
754 3320 795 3372 lile
805 3322 891 3392 Cyzici
904 3338 988 3393 prope
1030 3345 1110 3399 quem
1126 3346 1159 3380 ex
1172 3328 1267 3382 arbore
1281 3328 1410 3381 thurifera
1431 3344 1536 3381 manare
1549 3326 1668 3389 aiebant,
1681 3337 1820 3397 totamque

205 3402 333 3474 tempium
359 3403 486 3474 Apollinis
511 3404 623 3458 Ecbasii.
645 3405 713 3458 Cum
742 3406 813 3458 enim
831 3410 988 3478 Argunatllae
1031 3432 1124 3467 navem
1143 3432 1175 3466 eu
1193 3431 1249 3466 uuo
1270 3430 1364 3483 genere
1384 3413 1487 3467 arboris
1508 3411 1603 3465 laetam
1624 3429 1693 3477 esse,
1711 3429 1744 3464 ex
1763 3430 1820 3483 qua

204 3498 279 3543 extra
298 3488 390 3543 urbem
413 3489 513 3560 appulsi
534 3500 634 3555 essent,
662 3492 851 3561 Cyzicenomm
877 3494 989 3547 invitatu
1031 3498 1148 3551 nascitur
1159 3517 1216 3551 nux
1228 3498 1332 3563 indica,
1350 3499 1477 3551 nimirum
1488 3498 1577 3551 omnia
1596 3496 1714 3549 membra
1726 3499 1817 3561 mris,

205 3594 300 3633 navem
312 3576 470 3648 appulerunt
489 3577 516 3628 in
535 3588 642 3647 portum
665 3578 738 3630 urbis
757 3580 925 3644 interiorem,
940 3580 986 3632 nbi
1032 3596 1110 3655 atque
1132 3585 1199 3638 adeo
1218 3596 1445 3652 armamenta,‚ut
1459 3583 1553 3649 lunas,
1573 3595 1603 3637 nt
1624 3583 1696 3647 reia,
1712 3600 1772 3654 qnae
1785 3602 1819 3637 ex
1933 3580 1940 3589 ’

204 3664 364 3733 Argonauta
377 3663 488 3734 Apollini
502 3663 613 3719 Ecbasio
633 3681 706 3717 aram
727 3677 867 3718 erexerunt
880 3684 895 3719 a
913 3668 987 3720 naris
1030 3670 1100 3723 illius
1114 3670 1181 3723 loliis
1192 3671 1255 3723 scite
1268 3680 1390 3723 contexta
1402 3668 1568 3724 dicebantur.
1590 3670 1638 3721 11ae
1652 3686 1731 3739 nares
1742 3668 1822 3722 valde

205 3766 311 3820 egressu
328 3752 356 3805 in
377 3750 526 3805 Dolioniam
546 3768 552 3803 :
573 3750 600 3803 id
614 3751 739 3823 templum
759 3752 900 3805 Deilochus
923 3751 985 3826 (ap.
1030 3773 1137 3827 capaces
1151 3753 1228 3807 nullis
1241 3756 1362 3807 transtris
1375 3755 1502 3825 tectisque
1515 3753 1647 3825 impedies
1666 3765 1745 3817 sunt,
1759 3756 1821 3823 qui-

204 3836 286 3891 selrol.
297 3838 387 3909 Apoll.
400 3854 424 3901 1,
438 3842 490 3912 966
501 3838 629 3910 )nppcllat
638 3856 691 3891 non
704 3839 817 3903 Ecbasii,
832 3838 878 3891 sed
890 3841 987 3894 Iasonii
1031 3840 1207 3910 busprorsus
1220 3838 1358 3903 carebant,
1372 3850 1403 3892 ut
1423 3850 1512 3893 carent
1524 3838 1610 3891 carle
1621 3850 1629 3874 ¹
1645 3826 1804 3907 nuncupatae
1809 3878 1818 3903 ,

204 3924 341 3996 Apollinis.
365 3927 424 3978 Jam
445 3944 506 3978 vero
533 3944 670 3991 ancoram,
694 3943 773 3997 quam
797 3926 879 3979 tradit
902 3929 986 3996 Argo-
1030 3926 1127 3995 quibus
1149 3923 1265 3978 Africani
1285 3935 1407 3997 utuntur,
1432 3926 1478 3994 qui
1500 3923 1621 3977 aocolurn
1643 3924 1748 3994 Syrtes,
1768 3925 1821 3976 cir·

204 4022 297 4069 nautas
316 4014 444 4083 accepisse
465 4030 480 4065 a
502 4014 685 4085 promontorio
707 4014 817 4083 Bospori
842 4017 986 4083 Ancyraeo,
1031 4011 1184 4064 cumdantes
1197 4010 1405 4082 lntoplragiaw
1420 4010 1542 4075 insulam,
1555 4008 1820 4089 nnncyulgonomi·

204 4098 327 4150 existimo
337 4115 395 4151 eam
416 4114 486 4167 esse,
501 4115 580 4167 quam
598 4102 754 4167 Argonauta
774 4098 933 4168 reliquerant
953 4097 988 4165 ad
1032 4107 1119 4172 natam
1132 4094 1255 4160 Gerben,
1269 4113 1422 4148 emmnose
1439 4096 1657 4165 peregrinationis
1677 4112 1742 4148 mee
1757 4094 1821 4147 dlu-

204 4182 323 4247 Phasim,
340 4183 374 4237 de
392 4200 447 4254 quo
459 4186 586 4243 Arrianus
598 4184 739 4255 (Peripl.§
755 4188 802 4251 ιι)
817 4204 823 4239 :
846 4210 857 4229 ι
871 4185 986 4250 Phasim,
1032 4190 1116 4237 tur'nae
1134 4181 1275 4235 clausulam
1287 4183 1426 4251 tragicam,
1439 4182 1485 4236 ubi
1504 4183 1624 4251 graviora
1636 4199 1726 4252 passm
1739 4200 1819 4247 sum,

204 4271 307 4342 inquit,
320 4258 535 4340 ingredientibus
545 4272 572 4327 in
590 4271 694 4325 sinistra
708 4282 781 4341 parte
794 4269 990 4325 demonstratur
1032 4288 1111 4340 quarn
1130 4271 1194 4323 socii
1208 4270 1300 4341 Ulyais
1318 4269 1389 4341 apud
1405 4271 1581 4340 Ietophagos.
1619 4270 1657 4321 illi
1677 4271 1749 4322 enim
1773 4289 1822 4323 vo·

205 4373 302 4409 ancora
322 4356 409 4425 Argds
428 4356 501 4408 naris
523 4354 622 4419 lerrea,
645 4373 703 4426 que
721 4374 774 4409 non
797 4357 861 4411 milti
886 4355 990 4409 videtur
1031 4357 1174 4428 luptatibus
1187 4356 1401 4427 lotophaqomm
1415 4356 1516 4410 deliniti
1530 4356 1719 4421 retinebantur,
1731 4359 1822 4426 egoin

205 4443 326 4512 antiqua,
344 4444 391 4497 etsi
415 4442 471 4513 ejus
496 4442 647 4511 magnitudo
668 4461 722 4496 non
747 4454 786 4496 est
800 4444 910 4507 eadem,
929 4462 989 4514 quae
1032 4441 1137 4511 lugubri
1156 4442 1250 4495 scrobe
1273 4442 1434 4497 lunestomm
1457 4444 1601 4513 piratarum
1614 4441 1661 4495 diu
1683 4453 1818 4507 retentus,

205 4544 277 4580 nunc
290 4538 329 4579 ost
342 4544 512 4588 ancorarum,
526 4538 552 4579 ct
563 4526 646 4595 ligura
660 4528 747 4598 aliquo
757 4528 838 4581 modo
852 4531 989 4585 immutata
1034 4528 1104 4581 nulla
1113 4545 1160 4598 spe
1173 4526 1363 4598 redemptionis
1374 4528 1523 4599 proposita,
1544 4544 1630 4596 neque
1642 4528 1701 4579 vitae
1713 4527 1821 4581 bhetari

205 4620 244 4663 ast
265 4620 374 4664 :tamen
387 4614 518 4664 recentior
537 4629 591 4664 esse
610 4610 714 4665 ridetur
736 4624 810 4665 etate
829 4617 990 4682 Argonauta-
1032 4614 1106 4683 potui
1120 4613 1251 4683 periculo,
1266 4615 1317 4665 nisi
1330 4612 1440 4675 dissidio
1458 4614 1646 4676 barbarorum,
1666 4630 1720 4683 quo
1734 4615 1822 4668 insula

205 4714 276 4750 rum.
293 4700 328 4751 At
343 4696 450 4769 lapidea
469 4690 574 4753 allerius
587 4714 689 4751 ancoras
715 4699 859 4769 fragmenta
880 4700 990 4770 antiqua
1032 4709 1123 4771 capta,
1138 4709 1164 4751 et
1177 4701 1275 4770 pirata,
1291 4700 1517 4771 quimeoeperat,
1532 4702 1558 4753 in
1574 4696 1676 4754 uincula
1687 4700 1819 4770 conjecto,

244 4923 269 4959 ι.
283 4906 387 4977 &rial
403 4904 506 4974 Quodsi
515 4919 585 4961 recte
599 4909 633 4962 lta
642 4909 747 4978 legitur,
761 4920 886 4981 corrupta
895 4928 946 4963 vor
955 4928 989 4963 ex
1034 4908 1142 4979 quidem
1161 4909 1233 4979 apud
1250 4910 1463 4980 Theophrastum
1480 4912 1508 4963 in
1528 4912 1596 4964 Hist.
1611 4909 1696 4962 Plant.
1716 4914 1743 4973 lt,
1759 4910 1785 4974 3,
1799 4927 1818 4963 a

206 4984 312 5055 καράὸια
328 4983 367 5039 vel
384 4985 496 5055 stipabor.
512 4987 554 5039 Sic
567 4988 637 5040 enim
653 4989 771 5042 uaricula
793 4991 841 5053 ista
863 4991 989 5042 dicuntur
1034 4986 1139 5041 codices
1151 4987 1248 5041 lrabeat
1263 5004 1269 5041 :
1284 4987 1337 5041 iura
1347 4987 1390 5058 μὲν
1402 4983 1446 5041 obs
1457 4988 1550 5056 (lotus)
1561 4988 1602 5041 aei
1617 4985 1687 5057 ἑιτῇ
1702 4987 1772 5057 νήσῳ
1785 4993 1820 5059 τῇ

206 5062 279 5134 apud
301 5064 458 5135 Byzantinos
476 5065 631 5135 scriptores,
645 5083 758 5139 qnorum
780 5068 851 5121 locos
873 5070 988 5126 enotavit
1033 5066 1180 5135 Anroququr
1192 5064 1282 5134 Φάρῑδι
1298 5065 1437 5139 “laurita
1456 5065 1532 5127 milit
1552 5064 1620 5119 :wll
1636 5064 1748 5117 dublum
1764 5083 1820 5117 ⁰⁰¹¹

207 5140 359 5211 Ducangius
372 5158 394 5193 s.
412 5159 437 5197 v.
1035 5152 1075 5199 est
1091 5144 1157 5212 quia
1175 5144 1211 5195 ilsl
1231 5160 1263 5195 ea
1282 5142 1337 5211 lege
1357 5143 1451 5212 linguar
1468 5153 1495 5196 et
1512 5160 1562 5195 tun
1579 5143 1739 5212 scriptom
1756 5161 1820 5199 cunt

242 5236 268 5279 a·
292 5218 496 5293 toroptrrrtam]
519 5220 636 5276 Debebat
659 5225 895 5296 Lotophagitielem.
919 5228 987 5283 Sane
1032 5219 1172 5275 Dindorfio
1184 5218 1366 5300 reponendum
1380 5222 1414 5274 sit
1426 5222 1604 5293 llorrqeyirrbr
1613 5219 1761 5292 καλουμένῃ.
