3884 5925
611 379 787 490 intutus
808 425 971 486 uostonl
992 424 1163 509 Tuntctt.
1652 432 1690 484 tt

106 567 171 620 ΠΙ.
193 568 228 617 De
244 575 323 635 portu
348 563 517 634 Ephesiorum
540 574 565 614 et
586 561 617 615 de
631 558 808 633 Aplmdtsio,·
833 557 865 610 de
911 573 986 608 more
1011 557 1097 620 muri,
1122 573 1155 608 ea
1181 572 1212 608 ea
1235 555 1378 623 presertim
1404 563 1494 623 parte,
1508 570 1568 623 que
1587 552 1691 620 attingit

150 662 220 723 portu
234 650 368 717 Liuiorum
377 661 403 702 et
413 649 445 702 de
460 650 651 718 Myrleanorrem
667 647 810 700 domicilio.
910 660 1020 712 parvum
1033 641 1186 712 Apbosiatio
1199 639 1313 706 directa,
1325 641 1432 710 praecisa
1444 641 1471 692 iu
1483 638 1687 698 semicirculum,

908 729 937 780 in
952 744 1050 780 conum
1065 726 1136 778 velut
1152 727 1234 778 turris
1250 727 1277 776 in
1297 736 1394 778 tectum
1410 723 1545 792 fastigiata.
1582 723 1626 776 Ab
1638 723 1691 776 boc

413 814 463 872 Fr.
487 823 536 872 50.
909 815 1092 883 promontorio
1114 813 1193 883 paulo
1215 812 1327 883 amplius
1352 811 1421 864 mille
1440 827 1531 882 passeis
1554 826 1637 879 usque
1654 807 1688 863 ad

908 899 1121 968 promontorium
1136 897 1170 950 ab
1182 897 1305 967 aquilone
1319 895 1442 949 claudens
1460 912 1584 964 magnum
1599 893 1688 975 Appo-

135 981 193 1028 ΡΜ
212 975 378 1046 Epltslvl‘tm
400 987 527 1045 P⁰tl¹¹m2
548 975 634 1045 inquil
648 975 806 1044 Dl⁰¹¹y⁵lu⁵s
824 984 864 1026 0⁸!
909 985 1001 1048 siatin,
1013 984 1087 1036 littus
1098 983 1248 1036 sabulosum
1257 982 1376 1053 procedit
1387 983 1415 1034 in
1425 981 1537 1034 formam
1546 991 1688 1036 amntem.

104 1062 291 1134 Aphrodisium,
300 1061 473 1130 formidabili
486 1073 580 1115 lectrum
597 1061 759 1133 praecipitio.
799 1065 864 1114 Post
909 1071 939 1120 111
953 1069 1025 1122 hono
1043 1067 1167 1120 vottioulae
1180 1068 1229 1119 etsi
1243 1063 1381 1128 desinunt,
1401 1085 1418 1119 a
1438 1067 1520 1118 ventis
1535 1076 1621 1119 tamen
1635 1083 1690 1118 non

102 1150 164 1201 lune
179 1161 213 1201 est
229 1159 324 1219 portus
337 1149 486 1217 Lyciorum·
506 1148 529 1202 is
546 1149 730 1202 radamantum
742 1148 819 1200 littus
838 1159 865 1199 et
909 1155 997 1206 minuo
1011 1164 1098 1206 tutum
1111 1153 1198 1223 ipsum
1212 1162 1335 1223 praetant
1348 1169 1427 1222 qnam
1439 1151 1516 1204 colles
1530 1171 1536 1204 :
1553 1169 1606 1204 non
1618 1151 1689 1204 enim

101 1235 183 1290 sterile
192 1236 265 1287 llll!
271 1273 278 1298 ν
294 1235 321 1286 ίπ
331 1254 417 1306 parm
429 1235 532 1288 ambitu
543 1233 620 1286 valde
641 1234 721 1287 bourn
732 1246 758 1286 tt
767 1233 863 1304 firmus
909 1238 1017 1293 dorsum
1032 1241 1129 1292 montis
1140 1249 1293 1310 penetrant,
1303 1249 1381 1307 atque
1391 1239 1470 1290 etiam
1482 1236 1690 1289 commodiorem

101 1333 211 1391 curruque
232 1331 279 1372 est.
317 1325 399 1390 Super
419 1320 465 1372 ltoc
487 1331 526 1372 est
546 1317 683 1388 Myrloetrm
701 1318 861 1372 domicilium
908 1323 1063 1378 descensum
1073 1326 1110 1376 tn
1131 1334 1239 1394 portum
1258 1322 1410 1393 prebebant
1438 1321 1521 1388 villis,
1537 1339 1602 1390 quas
1626 1319 1690 1374 oiim

100 1423 189 1467 eornm,
203 1403 247 1475 qui
264 1405 296 1456 ob
310 1403 461 1456 seditionem
480 1423 498 1456 a
511 1403 621 1472 Myrlea
633 1403 784 1458 inexilium
801 1421 863 1474 pro·
909 1410 988 1464 inisse
1002 1413 1030 1464 in
1049 1411 1190 1481 supercilio
1209 1409 1314 1462 vallium
1338 1419 1446 1478 apparet
1464 1425 1496 1460 ea
1515 1405 1691 1460 fundamentis

96 1491 157 1560 y'eeti
165 1491 208 1542 lut
219 1489 303 1542 tolum
318 1502 458 1547 uerterunt.
909 1495 1096 1558 edificiorum,
1112 1495 1158 1548 ubi
1173 1494 1259 1546 sontes
1278 1509 1416 1563 perennes.
1453 1493 1688 1554 Promontorium‚

130 1576 190 1628 (lum
202 1593 232 1627 ex
247 1575 367 1646 Dionysii
390 1575 580 1646 descriptione,
596 1586 652 1628 tum
666 1594 698 1628 ex
716 1575 757 1626 liis
780 1577 864 1627 nomi·
909 1599 962 1652 quo
976 1582 1030 1634 dixi
1043 1581 1128 1634 otoudi
1142 1582 1214 1634 huno
1227 1579 1314 1632 sinum
1324 1577 1548 1649 abequilonibns‚
1560 1576 1690 1629 excelsum

99 1662 170 1714 nibus
188 1663 214 1712 in
238 1661 310 1713 hunc
332 1659 405 1712 diem
425 1662 531 1712 retentis
552 1662 671 1732 perspexi
689 1661 863 1731 Ephesiorum
908 1666 1094 1738 eot‚oodiqoo
1104 1673 1479 1737 promptamne-uptam&
1492 1661 1565 1732 quod
1579 1660 1691 1731 pedibus

99 1757 255 1816 portumesse
268 1744 396 1808 veleum,
409 1761 487 1814 quern
500 1746 585 1798 Graeci
595 1744 650 1814 jam
663 1745 793 1816 appdlant
809 1763 863 1798 ma·
906 1752 983 1824 jum
1005 1753 1077 1806 littus
1096 1754 1202 1805 circuiri
1224 1753 1329 1822 nequit,
1343 1761 1385 1803 ter
1406 1759 1481 1802 tanto
1501 1745 1643 1819 projectius
1662 1746 1690 1798 in

100 1830 325 1900 gnemrtphosiatin
336 1829 422 1896 (lodie
431 1829 656 1900 sajet-mmm),
667 1829 773 1888 releum
784 1847 863 1900 quem
909 1857 982 1892 mom
995 1856 1074 1910 qoam
1096 1838 1306 1908 promontorium
1318 1833 1440 1888 dividens
1455 1849 1581 1902 magnum
1599 1830 1691 1902 Apho-

99 1935 193 1988 parsum
207 1918 346 1970 nominant
358 1917 521 1988 Apbosiatin,
538 1917 577 1968 vei
589 1927 730 1986 utrumque
752 1928 863 1984 angusto
909 1925 1107 1994 statinaparro
1122 1921 1268 1994 Apboeiati.
1305 1923 1377 1974 Inter
1385 1929 1492 1990 portum
1501 1917 1588 1986 magni
1601 1916 1691 1986 Apho-

98 2003 267 2074 promontorio
286 1995 412 2054 divisum.
449 2004 533 2056 Graeci
556 2001 687 2073 usquead
708 2003 776 2055 hanc
794 2003 864 2056 diem
909 2009 1019 2062 sistiset
1038 2006 1185 2077 Myrileinm
1203 2007 1290 2058 sinum
1308 2002 1474 2057 intercedunt
1490 2001 1549 2072 plus
1571 2001 1691 2053 minusve

97 2087 221 2151 llrfflltlm
239 2087 371 2157 tppellssssl
383 2090 470 2140 sinum
483 2087 590 2158 quidem
602 2105 730 2158 Parvum·
744 2087 789 2140 ted
803 2105 863 2158 pot·
910 2095 981 2146 mille
998 2104 1025 2146 et
1038 2093 1223 2164 quadringenti
1235 2109 1340 2162 passus,
1357 2100 1486 2161 qtaantum
1496 2089 1584 2142 mniri
1598 2088 1689 2158 potui,

98 2182 189 2224 tunsum
203 2190 234 2224 ac
248 2173 365 2242 primum
386 2173 465 2224 totins
479 2173 601 2242 Europaei
615 2172 710 2224 littoris
725 2175 861 2242 Bosporici
910 2180 1034 2234 inoodoos
1041 2181 1068 2232 io
1078 2179 1159 2232 dorso
1169 2180 1265 2231 montio
1278 2195 1325 2248 per
1335 2177 1589 2245 semitaspastorunt.
1603 2170 1691 2225 densis

97 2258 243 2311 intrantibus
270 2259 367 2310 ostium
393 2261 480 2312 Ponti.
518 2261 580 2325 Quo
604 2259 723 2326 cognito,
750 2259 865 2328 intelligo
910 2264 1026 2316 dumetis
1035 2264 1189 2335 implicatas.
1227 2264 1294 2314 Nam
1307 2262 1367 2314 clivi
1378 2256 1647 2328 excelsiaeupereilio
1657 2255 1690 2308 ad

94 2356 189 2414 pomum
204 2344 378 2414 Ephesiorum
390 2344 469 2397 alium
479 2361 535 2396 esse
547 2361 600 2394 non
612 2361 687 2413 posse
696 2361 775 2412 quam
785 2361 863 2408 eum,
911 2351 985 2404 littus
996 2350 1173 2422 praecipitibus
1186 2349 1296 2418 rupibus
1304 2348 1409 2417 abrupti
1418 2345 1568 2408 subsident,
1577 2353 1608 2395 ut
1620 2343 1691 2395 nulia

94 2429 252 2501 quemnvutgo
266 2429 596 2499 nuncupantnphosiattn.
633 2429 865 2500 Namapromon-
912 2439 953 2490 via
972 2447 1068 2508 pateat.
1104 2441 1127 2490 Α
1152 2435 1262 2488 meridie
1280 2432 1410 2486 clauditur
1427 2429 1612 2502 promontorio
1632 2438 1691 2482 toto

95 2513 288 2584 torio,quoda
311 2515 532 2584 septentrionibus
555 2513 653 2567 claudit
669 2513 760 2566 vallem
783 2515 866 2586 Chry·
914 2541 1010 2586 omo,
1025 2523 1097 2594 quod
1110 2522 1281 2576 morosiori
1295 2531 1369 2590 pono
1382 2518 1460 2570 hahet
1475 2531 1628 2570 mommo
1645 2532 1691 2567 ro.

95 2601 212 2664 sorrhoa,
228 2618 312 2670 usque
334 2600 367 2652 ad
391 2611 497 2670 portum
514 2600 661 2670 Myrileium
685 2599 749 2651 nuttt
774 2610 865 2670 portus
912 2628 957 2680 pm
970 2610 1021 2663 otto
1032 2619 1168 2672 sononia,
1184 2625 1245 2660 mm
1264 2617 1327 2658 sunt
1344 2614 1524 2674 tempestates,
1542 2611 1690 2672 ntpraeror.

94 2695 148 2736 sunt
170 2687 219 2737 nisi
244 2685 393 2754 Apbosiatis
413 2702 522 2752 magnus
536 2695 561 2736 et
583 2701 689 2754 parvus.
727 2685 761 2737 sti
780 2685 866 2755 cujus·
912 2696 1061 2764 nauigantes
1086 2693 1170 2761 ignari
1201 2702 1295 2763 putent
1323 2700 1515 2743 tormentorum
1538 2685 1691 2738 bellicorum

94 2770 158 2822 modi
190 2771 260 2832 sint,
282 2769 337 2839 jam
363 2769 545 2840 designaturus
568 2789 637 2823 sum.
675 2772 762 2823 Littus
785 2771 866 2824 senne
912 2781 1028 2832 sonitum
1045 2795 1110 2830 mee.
1149 2777 1192 2830 Ab
1213 2776 1332 2829 interiori
1352 2785 1426 2845 parte
1445 2774 1534 2824 sinum
1548 2771 1691 2838 attingente

94 2869 186 2910 mlum
199 2857 434 2928 Pffloedfflsrqtffld
449 2857 586 2910 intercedit
603 2857 772 2910 5¹¹¹thle
784 2857 867 2928 Chry·
911 2865 1179 2927 admuntensem,
1201 2881 1216 2915 o
1238 2861 1335 2931 quibus
1349 2879 1401 2912 uua
1419 2860 1496 2926 longa
1510 2867 1552 2924 est
1567 2856 1626 2927 plus
1648 2857 1693 2908 tri·

94 2943 201 2996 sambore
212 2945 460 3013 etpromontorium
472 2942 591 2995 dividens
603 2960 727 3013 magnum
740 2945 867 3015 Apbosia-
911 2953 983 3023 ginta
997 2969 1102 3022 posue,
1131 2949 1257 3018 utrinque
1275 2948 1382 3018 praecisa
1404 2944 1438 2999 ad
1457 2941 1690 3015 perpendiculum,

95 3033 128 3082 tin
150 3050 165 3083 a
186 3049 270 3101 parvo
296 3031 454 3101 Aphosiate.
477 3030 586 3102 [edibus
606 3032 679 3083 obire
701 3050 754 3084 non
775 3034 864 3103 potui,
911 3038 1046 3107 cujustma
1056 3038 1188 3107 depressio
1199 3032 1362 3089 tantumdem
1371 3042 1442 3103 patet
1452 3042 1580 3102 qnantum
1589 3047 1693 3083 summa

96 3126 194 3185 propter
208 3134 281 3167 mare
301 3116 455 3184 contingens
468 3118 534 3167 imos
552 3117 683 3168 montium
697 3117 776 3169 clivos
793 3117 867 3170 valde
911 3123 993 3176 labra.
1031 3124 1062 3175 ln
1078 3122 1129 3173 hoc
1148 3120 1331 3191 promontorio
1346 3120 1490 3170 etiamnum
1505 3124 1595 3167 extant
1617 3114 1693 3165 vasti·

95 3218 201 3269 pnmos3
218 3200 267 3253 scd
276 3213 410 3283 'quatenus
427 3202 508 3254 oculis
530 3202 695 3271 assequemur,
710 3213 771 3255 octo
784 3204 866 3256 stadia
910 3211 951 3277 gio
963 3208 1083 3279 quadam
1098 3210 1268 3275 antiquorum
1281 3204 1468 3265 aedificiorum,
1479 3200 1594 3270 reliquia
1605 3199 1692 3274 domi·

95 3304 207 3356 superare
230 3306 285 3339 non
309 3288 455 3344 videbatur.
492 3290 721 3353 promontorium,
750 3290 822 3359 quod
851 3308 866 3343 a
910 3295 962 3347 ciiii
986 3293 1103 3363 Myrelci.
1140 3294 1171 3343 ln
1191 3292 1353 3361 Dionysiano
1372 3286 1615 3355 codinelegendum
1627 3296 1693 3355 pttto

95 3390 181 3439 magm
197 3372 296 3425 dividit
318 3390 427 3443 parsum
454 3374 620 3445 Aphosiatin‚
643 3376 712 3427 inter
734 3386 866 3446 utrunque
910 3380 998 3449 potius
1016 3378 1153 3446 Myrlrium
1170 3393 1249 3446 quam
1270 3374 1421 3442 Myreleium
1443 3393 1452 3425 :
1477 3389 1607 3440 nusquam
1621 3372 1693 3423 euim

94 3468 190 3526 portum
203 3468 277 3529 patet
290 3460 318 3511 iu
331 3458 495 3511 latitudinem
510 3478 632 3529 passuum
649 3461 754 3513 circiter
766 3460 865 3513 duccn·
910 3464 1013 3535 reperio
1025 3461 1191 3530 myntetam,
1204 3460 1252 3511 sed
1261 3459 1398 3527 Myrleium
1408 3471 1428 3521 ¹,
1441 3456 1534 3509 urbem
1545 3454 1691 3525 Bithynia,

94 3552 185 3595 torum.
221 3544 322 3596 Totum
352 3562 458 3597 saxeum
483 3546 570 3597 existit
595 3546 705 3615 rupibus
731 3546 866 3616 paululum
911 3545 1164 3618 pristenappellatam
1178 3550 1331 3614 Apameam.
1368 3542 1517 3612 Myrleaous
1529 3540 1609 3607 igitur
1620 3542 1694 3592 sinus

93 3628 195 3680 sinuosis
208 3630 328 3681 eminens
344 3630 371 3679 in
382 3646 469 3693 mare,
484 3628 588 3682 directis
601 3630 634 3681 ad
650 3630 865 3701 perpendiculum
912 3634 945 3685 ab
958 3648 1053 3683 occasu
1068 3630 1216 3681 insinuatur
1236 3629 1263 3679 in
1278 3626 1386 3688 vallem,
1400 3641 1541 3696 perquam
1559 3622 1694 3676 descendit

145 3850 198 3897 trin
207 3850 251 3898 δύο
264 3850 380 3906 σκύλακες
391 3852 473 3907 τσλιήν
485 3850 614 3913 μάστι-τουσι
628 3852 759 3911 Θάλασσαν,
911 3859 970 3919 post
988 3846 1146 3918 Phinopolin
1164 3854 1294 3896 memorat
1312 3842 1462 3895 Andrietcen
1480 3852 1511 3893 ut
1530 3840 1696 3910 Salmydeaao

147 3918 191 3967 Μ’
202 3920 269 3981 llil<
280 3919 364 3981 3²4⁶<
372 3936 398 3967 ³⁸
409 3922 479 3981 wll*
492 3922 605 3983 βωκῡῦσῑ
619 3923 658 3969 τὸν
669 3922 762 3981 aurii.)
912 3927 981 3979 litori
998 3926 1157 3995 proximam.
1171 3924 1245 3975 Hanc
1259 3940 1321 3973 vero
1331 3940 1347 3973 a
1359 3920 1499 3990 Lyciorum
1519 3928 1607 3988 portu,
1619 3917 1695 3988 cujus

94 4004 292 4071 ἅντυιττκστῆσαι
314 4007 386 4058 πόλιν
410 4006 578 4075 ἐπιχειρήσας,
599 4008 640 4059 καὶ
666 4008 805 4076 διαμαρτὼν
825 4011 868 4073 τῆς
911 3999 1692 4073 Dionysiusmeminit,nondivctsatneasenomcntestatnm

94 4081 190 4146 ἑλτιῧυς,
205 4086 370 4145 συνοικίζεται
387 4085 534 4145 Βυζαντίοις.
552 4084 650 4138 Eadem
662 4084 779 4139 Codinus
790 4102 817 4156 p.
837 4102 864 4136 ιι
911 4099 971 4133 nam
986 4080 1135 4134 Andriacen
1157 4080 1279 4131 novimus
1290 4078 1317 4129 in
1336 4077 1414 4145 Lycia
1433 4084 1539 4144 portum
1559 4083 1585 4125 et
1605 4074 1695 4126 munla
1779 4119 1782 4124 .

94 4160 130 4213 ed.
144 4164 246 4233 Βοσιι,
802 4222 803 4225 ¹
910 4162 992 4229 Myra
1008 4176 1055 4211 seu
1075 4160 1212 4227 Mysorum
1229 4155 1311 4208 urbis.
1328 4156 1396 4206 Hinc
1417 4162 1511 4222 sponte
1523 4154 1639 4205 nascitur
1650 4170 1694 4205 su·

125 4242 165 4294 Fr.
179 4242 304 4293 50.-1.
323 4240 489 4310 Myrinum...
510 4258 528 4290 n
548 4238 676 4308 Myrlea]
699 4238 742 4291 Sic
767 4236 867 4306 Gyllius
911 4239 993 4309 spicio
1001 4226 1154 4289 aut⁸nomen
1166 4238 1209 4300 τῆς
1221 4234 1427 4303 seruitiumque
1436 4248 1515 4300 supra
1529 4240 1637 4300 portum
1646 4230 1695 4283 sita

96 4313 118 4365 h.
131 4315 148 4367 l.
161 4318 194 4369 de
207 4334 258 4368 suo
271 4334 344 4387 penu
363 4318 482 4389 scripsit;
501 4316 612 4369 debebat
629 4315 718 4367 saltem
731 4316 864 4384 Myrtoum,
911 4326 976 4379 emt,
991 4313 1156 4385 respondisse
1170 4314 1271 4366 nomini
1288 4311 1375 4374 urbis,
1396 4307 1470 4377 cujus
1491 4309 1518 4359 in
1541 4309 1621 4378 Lycia
1639 4312 1694 4361 Au·

96 4395 226 4461 allyrleer.
243 4395 359 4447 Atinl'rs
374 4396 429 4465 ipsa
450 4395 567 4463 Dionysii
582 4392 660 4445 verba
671 4394 779 4463 apponit
793 4392 865 4444 hae:
911 4394 999 4446 driaco
1015 4402 1071 4446 emt
1083 4390 1245 4455 mvale,aut
1257 4400 1327 4442 certe
1335 4398 1427 4459 portus
1438 4386 1538 4439 accolas
1548 4386 1626 4438 luisse
1636 4387 1695 4456 My·

96 4467 127 4520 ἐπ’
138 4470 200 4541 sitq»
212 4472 281 4543 [τῷΙ
301 4472 384 4541 λιμένι
401 4473 495 4524 Λυκίων
512 4470 644 4540 Μυρῖλειόν
657 4470 722 4533 ἐστι,
733 4468 771 4521 nd
782 4470 867 4541 ipsum
911 4490 977 4525 raeos
986 4473 1040 4523 sive
1054 4473 1299 4540 Myrenses.1taque
1313 4469 1340 4519 in
1356 4466 1483 4535 Dionysio
1493 4464 1541 4531 legi
1559 4462 1690 4517 debehat:

95 4559 189 4615 pontem
198 4551 336 4617 lycionrm
351 4549 487 4619 Myrileum
501 4560 548 4602 est.
564 4550 630 4600 Item
641 4549 667 4599 in
681 4547 713 4600 ir.
730 4548 760 4600 51
777 4547 868 4600 scribi·
912 4550 948 4603 ir?
957 4549 1023 4620 αὐτῷ
1031 4554 1067 4618 τῷ
1077 4549 1158 4618 λιμένι
1169 4548 1261 4599 Λυκίων
1272 4546 1388 4613 stipatos
1398 4542 1510 4595 κατοικία
1520 4541 1596 4603 ἐστὶν,
1607 4540 1696 4603 οἵτινες

98 4634 152 4675 tur:
166 4630 228 4679 Post
242 4628 390 4697 dli-tiletum,
402 4645 451 4679 nec
462 4644 514 4678 non
525 4628 551 4677 in
563 4628 753 4679 commentario
764 4625 798 4679 ad
809 4644 869 4677 ιιον-
912 4629 952 4680 διὰ
967 4630 1052 4681 στάσιν
1067 4627 1152 4696 Μύρτις
1164 4626 1305 4685 ἐκπεσόντες
1316 4624 1387 4693 δεῦρο
1404 4622 1594 4692 μετανέστησαν.
1607 4618 1628 4669 Ε
1642 4619 1695 4671 tto-

98 4710 158 4754 tmm
172 4704 349 4773 fragmentum
360 4704 462 4774 Gyllius
481 4704 559 4755 modu
569 4702 705 4769 Myrileion
716 4702 795 4755 modo
809 4706 867 4771 My·
912 4708 986 4777 palus
1003 4704 1094 4757 scribae
1107 4704 1242 4774 Byrantini
1259 4702 1392 4753 linxerunt
1412 4698 1543 4768 Μυρίλειον
1559 4715 1605 4749 acu
1620 4696 1697 4765 Mops-

99 4780 189 4835 releiema
208 4784 326 4835 exhibet.
344 4782 479 4849 Quidnam
491 4799 541 4853 pro
554 4800 571 4833 n
590 4782 700 4851 Myrlea
719 4782 820 4851 Gyllius
841 4784 868 4834 in
912 4786 998 4843 λαῖον,
1014 4784 1183 4835 notissimum
1198 4782 1229 4833 iis
1247 4797 1344 4831 nomen
1359 4776 1394 4829 ob
1407 4774 1697 4845 constantinopolitana

99 4856 177 4911 codice
189 4863 317 4929 repererit
339 4878 393 4913 nnn
415 4859 504 4929 liquet.
525 4859 663 4929 Myrileion
684 4860 711 4911 in
731 4860 869 4927 Myrleium
911 4862 1025 4934 Myretaei
1034 4860 1190 4913 monasteria
1199 4870 1226 4910 et
1238 4858 1341 4928 palatia,
1353 4856 1388 4908 de
1400 4855 1497 4924 quibus
1506 4872 1532 4905 ν.
1544 4853 1697 4920 Ducangiua

98 4937 272 5003 suffigendum
285 4956 341 4990 esse
354 4948 459 5001 censet,
474 4938 539 4991 adeo
558 4948 587 4990 ut
600 4936 705 5007 Myrleia
727 4937 868 5007 bithynicae
912 4942 1003 4993 const.
1016 4938 1110 4993 Chul.
1125 4942 1151 5000 lo,
1163 4954 1191 5007 p.
1207 4936 1305 5005 159aq.
1318 4936 1458 5004 Lyciorum
1467 4931 1697 5003 portussituserat

98 5012 175 5063 ttulffi
195 5014 230 5066 ad
250 5018 394 5085 Lyciorum
418 5027 524 5086 portum
547 5015 634 5068 κάειιι
656 5016 741 5067 fixisse
757 5016 868 5085 putandi
912 5018 946 5072 ad
961 5016 1026 5069 hod.
1045 5012 1322 5087 Kuryldclredrelessi.
1339 5012 1447 5065 Fluvius
1460 5012 1487 5062 in
1505 5018 1611 5080 portum
1631 5006 1696 5058 inci·

99 5089 151 5143 sint.
161 5093 227 5158 Quae
236 5094 395 5147 emendandi
404 5097 472 5146 ratio
481 5096 527 5147 etsi
537 5094 667 5147 lenissima
682 5104 730 5158 ast,
745 5093 816 5147 baud
832 5106 869 5147 tu·
914 5096 979 5149 dens
992 5105 1101 5147 voratur
1118 5089 1416 5159 negt-setenamtcrest.

101 5182 153 5220 men
166 5171 303 5239 probanda
317 5172 382 5226 mihi
396 5172 508 5251 videtur.
526 5170 654 5225 Videlicet
670 5172 764 5227 Strabo
775 5190 801 5243 p.
818 5174 868 5243 319
953 5169 1196 5241 1.Myreleiamsed
1209 5167 1363 5239 Myrleiom]
1377 5165 1542 5236 tegebatur:
1561 5158 1695 5229 Myrlemrn
