3884 5925
234 473 289 530 1⁹2
935 456 1130 522 muctam

145 572 150 590 i
231 587 900 672 pariibusaiihycis,qnicurrenssollsadortas

232 685 296 740 Siris
309 683 507 757 abAEthiopum
521 684 624 756 populis
638 684 795 752 cognomine
809 681 908 748 sertur;

232 787 338 826 rasum
350 772 463 826 cultores
473 771 562 824 Nilum
576 770 665 825 dixere
679 770 783 842 Syenes.

156 847 217 924 (ἥδ)
233 859 303 912 Hinc
315 857 402 912 boreae
413 874 521 910 currens
532 855 565 910 ad
577 867 662 928 partes
672 857 782 910 flumine
793 855 884 928 pingui

161 935 219 987 ²¹⁵
233 943 325 998 fertilis
337 943 441 1016 AEgypti
455 954 538 996 terras
550 941 673 996 fecundat
687 944 802 1016 opimas,

233 1041 393 1102 septenoque
405 1029 465 1083 ferit
473 1029 595 1082 Pellaeum
609 1030 710 1100 gurgite
720 1040 840 1102 pontum.

233 1117 294 1169 Non
305 1115 370 1168 alius
381 1125 482 1167 tantum
494 1115 637 1168 fluviorum
649 1116 716 1168 ditat
726 1133 832 1182 arenas,

233 1211 312 1271 atque
323 1200 430 1254 trahens
443 1199 536 1254 limum
550 1201 732 1273 complectitur
739 1189 827 1257 'saliere
835 1217 953 1274 campos.

160 1282 220 1362 (aaa)
234 1290 285 1342 Hic
294 1288 351 1342 latis
362 1288 463 1360 Libyen
473 1291 541 1342 Asiae
554 1289 720 1343 disterminat
731 1289 784 1342 oris
796 1305 803 1341 ι

163 1372 220 1424 ²²0
234 1375 290 1428 haec
302 1385 377 1428 ortus
391 1375 488 1440 cernit,
499 1375 572 1429 videt
580 1387 681 1428 austros
691 1375 732 1428 illa
742 1375 864 1430 calentes.

233 1465 313 1516 Hunc
321 1461 440 1516 habitant
447 1461 524 1532 juxta
533 1463 679 1534 sapientum
689 1461 768 1516 corda
778 1464 909 1528 virorum,

233 1549 387 1622 &pneuma
401 1552 454 1604 vias
468 1551 514 1622 qui
529 1551 587 1603 vitae
600 1561 686 1604 mente
700 1551 816 1622 potenti,

159 1623 221 1707 (aas)
234 1646 261 1690 et
273 1637 352 1708 primi
365 1635 495 1690 dederunt
508 1636 594 1690 sulcos
603 1646 629 1688 et
638 1636 738 1689 semina
751 1635 842 1702 terris,

234 1723 355 1794 obliquos
368 1724 429 1777 solis
442 1734 581 1778 tractantes
593 1733 700 1794 pectore
713 1741 816 1778 cursus.

163 1813 221 1868 2²5
270 1812 372 1864 Horum
387 1810 486 1864 telluris
497 1810 562 1864 lines
571 1827 644 1864 nunc
654 1805 770 1864 carmine
781 1809 883 1874 dicam,

159 1885 220 1966 (ato)
235 1907 262 1950 et
272 1897 401 1963 formam,
414 1899 527 1952 celebrat
539 1915 619 1970 quana
632 1899 715 1968 gloria
729 1915 822 1967 magna
836 1914 883 1968 per
896 1893 998 1950 orbem.

235 1985 298 2037 ilaec
309 1985 390 2054 igitur
397 1984 455 2038 latis
466 1983 563 2038 diffusa
573 1985 682 2056 patescit
693 1985 721 2036 in
734 1984 803 2038 arvis

235 2069 326 2125 fertilis
336 2081 363 2124 et
372 2088 498 2142 superans
511 2069 573 2124 alias
586 2068 745 2141 pinguedine
759 2068 848 2138 glcbae.

234 2157 397 2227 Marginihiu
409 2157 520 2212 laterum
530 2157 659 2210 formatur
669 2167 696 2210 at
707 2155 825 2226 undique
838 2154 933 2220 ternis;

163 2233 221 2286 2⁸⁰
235 2245 286 2298 lata
295 2243 403 2315 quidem
413 2243 500 2298 boreae
513 2243 563 2296 auh
576 2243 652 2298 litore
666 2241 783 2296 tenditur
796 2242 866 2304 oris,

235 2341 275 2384 ast
288 2341 361 2383 ortus
374 2339 481 2398 angusta
492 2331 558 2400 petit
570 2345 752 2399 summamque
766 2329 883 2398 Syenen,

159 2399 220 2478 (Μ)
236 2433 287 2486 qua
298 2415 358 2468 celsi
373 2414 485 2468 mediana
497 2425 600 2468 montes
614 2415 748 2484 utrimque
763 2423 897 2480 coercent,

233 2503 327 2574 irrigui
336 2521 383 2576 per
392 2519 473 2574 quam
484 2500 648 2556 descendunt
658 2502 767 2556 flumina
780 2499 843 2556 Nili.

235 2591 310 2644 Hanc
320 2591 440 2644 habitant
453 2591 572 2645 homines
586 2589 660 2644 multi
673 2589 822 2661 pariterque
833 2586 949 2660 opulenti
967 2604 974 2639 :

162 2671 221 2726 2⁸5
234 2679 281 2749 qui
292 2680 387 2732 veteris
396 2678 523 2750 clareque
533 2677 623 2732 colunt
632 2677 681 2732 suh
692 2678 790 2731 moenia
802 2676 921 2742 Thebes,
939 2680 946 2696 ¹

234 2783 313 2834 quam
324 2765 463 2836 perhibent
474 2775 580 2818 centum
591 2774 680 2835 portas
690 2761 811 2816 hahuisse
822 2763 939 2834 priores,

234 2849 304 2904 filius
318 2854 426 2906 Aurorae
440 2851 563 2906 Memnon
575 2867 628 2919 qua
639 2867 718 2918 regna
733 2848 846 2904 tenebat.

158 2915 219 2999 (Μ)
235 2936 287 2990 Hic
298 2946 398 2991 suntet
410 2945 510 3008 septem
524 2935 617 2989 mediis
631 2935 658 2989 in
672 2934 769 2989 finibus
783 2933 876 3002 urbes,

235 3039 300 3093 quas
312 3021 424 3076 celebrat
436 3032 522 3075 totum
534 3020 684 3075 discurrens
697 3020 766 3075 fama
779 3039 827 3092 per
840 3020 945 3088 orbem;

164 3098 222 3151 2⁴⁰
236 3108 426 3179 etquicunque
442 3107 520 3159 maris
534 3107 628 3160 vivunt
639 3124 723 3177 prope
738 3106 815 3159 litora
829 3108 909 3172 rasti,

235 3212 289 3267 qua
300 3194 370 3249 lacus
384 3204 423 3247 est
435 3195 527 3264 ingens
541 3193 647 3265 liquidae
660 3192 812 3247 Serbonidis
825 3193 913 3249 undae.

158 3268 219 3346 (atti
236 3278 278 3333 Ad
292 3278 366 3351 cujus
378 3280 522 3351 zephyrum
532 3281 663 3333 hhcetum
677 3290 738 3333 sunt
749 3280 848 3333 moenia
860 3280 944 3350 regis,

159 3354 219 3426 (Ν)
234 3377 262 3420 et
273 3366 388 3432 Pharos,
401 3366 522 3421 Idothees
533 3366 634 3437 scopuli
647 3365 785 3421 Pallenidis
793 3366 849 3421 alti.

234 3455 297 3507 Post
305 3452 369 3505 urbs
378 3452 428 3505 sub
441 3454 517 3507 Casio
533 3452 617 3505 Pelusi
630 3452 713 3522 vergit
723 3452 757 3505 ad
771 3462 874 3517 ortum,

163 3534 219 3589 ²⁴⁵
235 3542 344 3611 navigiis
357 3540 470 3613 populus
482 3541 558 3595 duris
570 3558 650 3611 quam
663 3539 780 3611 possidet
790 3551 878 3611 aptus.

233 3628 294 3681 Non
307 3637 393 3681 tamen
406 3637 446 3681 est
459 3626 554 3698 Libyes
567 3625 705 3697 ponendus
716 3626 813 3681 tinibus
827 3628 894 3681 iste:

234 3714 332 3769 scilicet
343 3732 404 3769 eoas
416 3714 469 3771 Nili
483 3715 529 3785 qui
543 3715 660 3767 continet
670 3731 743 3779 oras,

233 3803 301 3868 Nili,
315 3820 395 3873 quem
406 3804 506 3857 circum
516 3803 593 3855 floret
604 3802 730 3857 mirabilis
743 3801 833 3867 arbor,

234 3892 427 3961 exstinguitque
437 3892 508 3945 sitim
521 3908 602 3962 pomo
612 3892 655 3944 cui
666 3908 765 3945 nomen
775 3888 891 3961 adipsos.

163 3966 220 4019 ²⁵⁰
269 3978 333 4030 Haec
346 3976 423 4031 facies
437 3977 548 4048 Libyes,
562 3976 607 4029 hic
619 3976 718 4030 claudit
728 3976 945 4030 ternrinusillarn.

97 4106 102 4117 .
157 4050 220 4133 itta)
234 4064 303 4118 Sunt
314 4074 402 4117 manen
415 4064 478 4117 hnic
489 4064 546 4117 elie
559 4072 661 4133 gentas,
677 4081 737 4133 quae
748 4063 825 4117 litore
833 4080 939 4119 summo

234 4149 350 4221 Tethyos
358 4160 404 4203 aut
416 4148 508 4203 mediis
517 4149 638 4203 habitant
648 4148 747 4203 telluris
758 4150 785 4201 in
796 4150 880 4213 arvis,

234 4248 262 4289 et
271 4246 356 4307 gratas
367 4237 466 4289 circum
475 4236 546 4307 ripas
553 4234 701 4289 Tritonidis
711 4235 799 4291 nndoe.

116 4380 118 4387 ,
235 4326 286 4377 Hic
296 4322 378 4397 lapis,
390 4324 583 4395 Heeliotropius
595 4324 643 4395 qui
657 4324 765 4379 nomine
779 4340 841 4379 vero

161 4412 221 4467 255
235 4411 343 4478 dicitur,
357 4423 397 4467 est
410 4429 417 4465 ι
433 4413 510 4465 vestit
522 4411 611 4467 radios
624 4430 687 4465 narn
698 4410 776 4476 solis,
788 4413 817 4466 in
829 4410 903 4467 unda

234 4502 256 4553 si
266 4501 325 4571 quis
335 4518 396 4553 eum
407 4500 463 4555 fusa
472 4500 551 4553 bbris
562 4502 702 4569 immergar
711 4500 796 4564 ainus,

234 4588 422 4656 sanguineique
430 4584 530 4639 radiens
538 4584 687 4657 resplendet
695 4585 754 4639 luce
761 4584 873 4648 coloria3

234 4673 329 4743 purior
339 4682 367 4725 at
376 4670 425 4725 soli
438 4672 533 4727 renitet
546 4670 662 4725 nudatus
674 4671 709 4725 ah
725 4670 814 4726 undu.

159 4748 222 4826 (aaut)
270 4758 297 4811 Si
307 4756 392 4829 placet
400 4759 519 4829 Europes
527 4757 743 4829 qumquemetihi
751 4756 839 4811 dioere
852 4755 982 4823 formam,

163 4838 221 4902 ²i⁰
235 4840 308 4897 haud
316 4852 426 4899 taceam.
436 4844 533 4897 Simiha
542 4844 632 4915 Libyae
640 4853 692 4908 est,
704 4843 752 4897 sed
766 4844 848 4912 vergit
855 4842 889 4897 ad
899 4852 999 4913 arctos,

236 4928 333 4981 linibus
346 4940 373 4983 et
385 4931 484 5001 pariter
493 4928 613 4983 distentis
624 4931 710 5001 pergit
719 4929 755 4984 ad
764 4940 846 4983 onus.

237 5018 319 5071 Linea
332 5036 447 5089 namque
457 5018 522 5073 Asiae
535 5019 626 5073 similis
636 5016 764 5091 disjungit
772 5026 911 5090 utramque
922 5035 928 5071 :

159 5090 221 5174 (²7¹⁶)
237 5106 293 5161 hec
302 5107 388 5159 notias
398 5117 498 5178 spectat
507 5116 608 5179 partas,
620 5106 749 5178 aquilonis
758 5106 849 5161 atille.

237 5194 285 5247 Ast
296 5190 385 5247 ambas
400 5210 479 5246 unam
490 5194 512 5245 ai
526 5202 607 5247 terras
619 5211 674 5247 esse
686 5204 823 5265 putemus,

164 5274 222 5332 ast
238 5277 391 5335 assimulent
403 5296 501 5334 cunum
514 5277 625 5334 laterum
639 5278 809 5352 compagibus
822 5280 917 5350 aequis,

1061 589 1138 662 cujus
1146 587 1181 642 ad
1193 604 1301 642 occasus
1313 596 1353 640 est
1364 601 1515 650 murnum,
1529 583 1581 640 lata
1593 581 1643 638 suh
1654 591 1725 638 orto.

1061 678 1105 730 Sic
1115 678 1222 746 Europa
1234 675 1282 728 tibi
1296 672 1363 728 sacili
1373 672 1538 742 dignoscitur
1546 681 1611 726 arte.

1098 761 1140 817 Ad
1150 761 1225 832 cujus
1236 777 1370 816 summum
1380 801 1387 823 ,
1398 777 1481 832 prope
1492 768 1574 812 metas
1582 754 1705 811 Herculis
1714 753 1774 819 alti,

1062 849 1234 918 magnanime
1247 857 1351 916 gentes,
1364 843 1474 897 dederat
1483 844 1542 915 quis
1555 846 1652 896 nomen
1662 841 1773 905 ueras,

956 935 959 942 ⁴
1061 936 1095 990 ad
1106 937 1219 1008 spatium
1233 934 1345 988 multum
1357 945 1488 986 terrarum
1501 949 1564 984 rura
1577 930 1706 994 colentes,

1061 1026 1197 1078 Oosauum
1211 1023 1294 1076 boreo
1308 1023 1465 1090 contingunt
1479 1019 1576 1090 frigore
1588 1016 1702 1086 domm,

1060 1121 1264 1182 scrutanturque
1274 1109 1356 1164 decus
1369 1108 1509 1180 pulchrum
1521 1105 1682 1178 sapientibus
1692 1102 1766 1167 auri,

1061 1216 1128 1270 quos
1139 1209 1227 1252 umen
1239 1196 1311 1251 haud
1322 1195 1437 1249 maculat
1452 1210 1566 1268 praesens
1575 1210 1624 1246 nec
1634 1189 1724 1262 dejicit
1734 1187 1844 1255 absens;

1061 1302 1113 1356 qna
1124 1294 1187 1337 suut
1200 1283 1327 1337 Germani
1338 1281 1448 1336 bellaces
1461 1290 1540 1351 atque
1551 1278 1680 1332 Britanni.

1060 1371 1173 1426 Saltibus
1184 1371 1322 1442 Hercyniis
1336 1367 1478 1423 Germania
1490 1363 1607 1436 subjacet
1620 1375 1696 1418 atrox
1712 1379 1718 1415 ε

1061 1457 1116 1510 haec
1127 1468 1200 1527 tergo
1210 1456 1301 1508 similis
1312 1456 1418 1508 taurino
1429 1453 1527 1505 dicitnr
1537 1468 1608 1515 csse,
1639 1462 1642 1467 ·

1060 1555 1088 1598 et
1098 1544 1181 1615 pascit
1193 1543 1312 1597 volucres
1324 1542 1444 1611 (mirum)
1454 1537 1612 1609 fulgentibus
1624 1535 1685 1602 alis,

1061 1632 1120 1702 quis
1130 1629 1242 1684 ducibus
1253 1641 1335 1683 noctu
1346 1638 1490 1682 cernuntur
1502 1625 1571 1678 ssexa
1581 1625 1694 1678 siarum.

1061 1718 1206 1789 Pyrrhenss
1215 1718 1335 1788 sequitur
1343 1733 1429 1768 mons.
1444 1714 1507 1767 Post
1514 1711 1587 1765 hunc
1596 1710 1692 1764 Celtica
1701 1707 1790 1774 tellus,

1061 1803 1168 1857 Eridani
1180 1803 1260 1856 fontis
1272 1802 1426 1870 contingens
1438 1816 1518 1852 rauca
1531 1797 1639 1851 fluenta.

1061 1892 1112 1944 Hic
1123 1891 1287 1944 Phaethonta
1296 1907 1375 1942 suurn
1384 1905 1450 1942 carae
1462 1887 1552 1940 luxere
1563 1902 1682 1947 sorores,
1783 1875 1789 1882 ’

1061 1977 1105 2030 hic
1115 1977 1211 2032 electra
1220 1978 1311 2048 legunt
1320 1976 1385 2030 alnis
1398 1975 1520 2035 stillantia
1533 1973 1626 2042 Celtae,

1061 2064 1167 2117 succina
1177 2080 1236 2135 quae
1249 2071 1410 2125 memorant,
1420 2059 1503 2114 mellis
1515 2058 1600 2113 vinive
1610 2057 1713 2122 colore,

1062 2167 1121 2221 quae
1130 2150 1215 2220 paleas
1227 2150 1334 2221 rapiunt
1345 2158 1430 2201 tractu
1441 2145 1599 2215 frondesque
1610 2143 1730 2200 caducas.

1097 2239 1159 2289 Post
1172 2235 1220 2288 hos
1233 2234 1380 2307 Tyrrheni,
1393 2249 1460 2304 quos
1469 2230 1547 2302 juxta
1559 2230 1620 2283 solis
1631 2230 1664 2283 ab
1676 2241 1737 2283 ortu

1062 2322 1191 2392 incipiunt
1205 2320 1279 2391 Alpes
1293 2337 1300 2372 ι
1313 2319 1410 2390 quibus
1422 2318 1477 2370 exit
1487 2318 1590 2388 gurgite
1601 2327 1673 2370 vasto

1062 2408 1160 2463 Oceani
1171 2424 1296 2478 rumpens
1307 2405 1418 2475 glacialis
1432 2405 1508 2456 litora
1519 2404 1635 2459 Rhenus.

1062 2496 1141 2548 Hunc
1153 2512 1236 2566 prope
1248 2494 1383 2563 consurgit
1396 2491 1455 2546 fons
1468 2493 1529 2545 Istri
1543 2493 1652 2544 flumine
1663 2490 1755 2562 longo,

1062 2583 1107 2652 qui
1121 2599 1231 2653 poscem
1244 2590 1318 2632 ortus
1331 2579 1429 2633 Euxini
1441 2579 1561 2650 pervenit
1574 2577 1675 2644 undas,

1062 2670 1187 2738 irriguam
1198 2669 1301 2722 Peucen
1310 2668 1444 2739 amplexus
1457 2666 1558 2738 gurgite
1570 2667 1661 2738 quino.
1678 2663 1682 2668 ’

1062 2757 1143 2828 Cujus
1155 2756 1189 2810 ad
1203 2767 1304 2810 arctoas
1317 2767 1355 2809 est
1368 2766 1454 2828 partes
1467 2754 1578 2809 barbara
1592 2743 1680 2820 tellus,

1061 2845 1213 2896 innumeras
1224 2853 1313 2912 gentes
1327 2844 1426 2911 gremio
1438 2841 1574 2912 complexa
1585 2838 1710 2902 reducto,

1062 2931 1105 2984 cui
1116 2930 1196 2984 finem
1209 2929 1309 2985 faciunt
1319 2927 1449 2982 Maeotidis
1463 2928 1529 2981 ostia
1542 2937 1627 2981 vestm

1062 3018 1131 3071 ilinc
1141 3029 1204 3071 sunt
1212 3018 1390 3087 Germanique
1400 3026 1501 3079 uucoe,
1514 3025 1541 3068 et
1552 3016 1670 3069 Sarmata
1683 3014 1781 3079 bellax,

1061 3116 1140 3177 atque
1153 3108 1241 3170 Getae,
1253 3123 1303 3158 nec
1314 3123 1367 3158 non
1379 3107 1510 3158 Bastarnae
1523 3106 1622 3157 semina
1635 3105 1737 3173 gentis,

1063 3196 1248 3265 Daoorumque
1262 3210 1369 3259 manns,
1381 3203 1408 3245 et
1421 3194 1514 3246 martia
1522 3202 1629 3263 pectora
1639 3190 1732 3258 Alani,

1062 3292 1141 3352 atque
1150 3284 1270 3336 Dromon
1281 3282 1363 3335 Tauri
1374 3282 1516 3335 retinentes
1526 3280 1601 3333 fortis
1613 3279 1707 3334 Achilli

1061 3380 1201 3439 angustum
1213 3380 1240 3423 et
1251 3370 1376 3439 longum,
1388 3368 1519 3421 Maeotidis
1529 3368 1596 3421 ostia
1603 3367 1690 3438 juxta.

1062 3458 1117 3509 Hos
1129 3458 1230 3527 equites
1241 3474 1321 3527 supra
1333 3455 1429 3508 oderes
1442 3452 1592 3507 funduntur
1604 3454 1704 3523 Agaui,

1061 3553 1140 3613 atque
1151 3540 1368 3595 Melanchlaennm
1381 3539 1494 3612 populus
1507 3538 1665 3593 metuendus
1674 3540 1702 3593 in
1713 3558 1791 3609 arcu;

1061 3638 1120 3699 post
1131 3626 1298 3699 Hippemolgi
1307 3638 1370 3680 suot
1378 3624 1602 3697 Hippopodesque
1613 3636 1748 3696 potentes,
1810 3672 1815 3679 .

1062 3725 1140 3786 atque
1149 3715 1267 3769 Gelonus
1277 3732 1338 3767 cum
1347 3714 1457 3779 Neuris,
1468 3714 1585 3785 pictique
1596 3713 1735 3785 Agathyrsi
1747 3730 1754 3766 :

1061 3802 1106 3855 hic
1118 3803 1164 3856 ubi
1173 3800 1308 3855 descendit
1322 3812 1441 3871 porrecta
1454 3802 1623 3872 borysthenis
1637 3799 1725 3864 unda,

1062 3892 1249 3961 Euxinumque
1261 3889 1332 3943 subit
1343 3890 1409 3943 Criu
1419 3908 1502 3961 prope
1514 3900 1596 3943 tracta
1608 3900 1741 3959 metopon.

1061 3980 1085 4033 E
1097 3980 1204 4049 regione
1213 3976 1285 4047 jacet
1297 3977 1370 4031 lours
1383 3977 1427 4030 hie
1439 3975 1624 4047 Symplegados
1636 3988 1709 4032 artae.

1061 4067 1112 4119 Hic
1122 4077 1184 4120 sunt
1195 4065 1299 4120 Ardisci
1310 4082 1416 4135 quoque
1427 4065 1614 4136 Panticapique
1627 4064 1724 4119 fluenta
1740 4082 1748 4119 a

1061 4152 1164 4206 dividui
1176 4162 1288 4206 esurum
1298 4150 1412 4221 Riphaeis
1423 4151 1558 4203 montibus
1571 4150 1661 4203 ambo.

1062 4240 1216 4293 Immisoent
1228 4256 1281 4310 qua
1293 4256 1322 4291 se
1333 4240 1410 4292 Ponti
1423 4238 1573 4307 glacialibus
1587 4236 1679 4302 undis,

1062 4327 1178 4379 nascitur
1190 4325 1317 4379 mum
1326 4324 1482 4396 prefulgens
1494 4325 1552 4379 luce
1564 4325 1673 4389 nitenti,

1063 4432 1153 4468 mense
1162 4412 1229 4466 solet
1239 4414 1327 4485 primo
1340 4413 1425 4483 qualis
1435 4412 1616 4484 splendescere
1628 4412 1699 4467 luna.

1063 4504 1119 4557 iios
1130 4500 1268 4555 ademta
1279 4501 1368 4571 legunt
1376 4500 1453 4571 juata
1465 4500 1546 4553 fortes
1555 4499 1702 4570 Agathyrsi.

1061 4589 1115 4641 Tot
1124 4586 1226 4639 dirimit
1236 4596 1326 4656 gentes
1338 4586 1468 4658 aquilonis
1479 4585 1601 4657 paftibus
1611 4586 1687 4639 Ister.

1098 4674 1184 4745 Hujus
1194 4673 1228 4727 ad
1237 4674 1361 4728 ammte
1373 4683 1455 4727 terras
1468 4674 1631 4743 Gerrhaeque
1641 4672 1755 4736 [ηοω.

1062 4762 1216 4832 Noriciique
1224 4760 1315 4813 oolunt
1328 4759 1438 4813 bellaces
1449 4760 1650 4830 Pannoniique,

1063 4858 1090 4902 et
1102 4849 1170 4919 Mysi
1179 4848 1314 4901 Thracum
1323 4847 1411 4901 boreis
1421 4848 1450 4899 in
1462 4846 1561 4901 linibus
1573 4847 1625 4900 orti
1641 4862 1648 4899 ε

1064 4937 1091 4989 in
1102 4953 1217 5016 quorum
1231 4935 1321 4999 terris,
1330 4952 1395 5005 quas
1407 4936 1485 4990 Ponti
1499 4935 1613 5005 prebuit
1623 4932 1712 4997 unda,

1063 5023 1211 5093 ignipotauss
1225 5021 1284 5075 oleo
1294 5022 1440 5076 commixto
1449 5022 1566 5091 gignitur
1575 5020 1672 5083 herba.

1064 5108 1166 5163 Medica
1176 5109 1220 5162 cui
1232 5126 1348 5171 nomen,
1360 5106 1435 5177 eujrrs
1443 5124 1610 5178 cosnpeme
1621 5106 1740 5160 mmm

1063 5197 1160 5267 siquis
1173 5212 1242 5267 aqua
1252 5196 1356 5267 capiat,
1370 5192 1725 5266 plauignempudtinilh3
1844 5186 1851 5197 ⁰

1063 5281 1177 5355 pulveris
1184 5280 1258 5337 hunc
1264 5279 1351 5353 jactus
1361 5282 1430 5353 potis
1442 5290 1483 5335 est
1493 5282 1658 5353 exat'mguere
1670 5277 1752 5338 soto.
