3884 5925
257 443 294 494 80
341 493 345 502 ,
721 473 724 480 ,
860 429 1034 491 lllONl'Sll
1055 432 1236 492 ntzatrtt

257 581 317 616 rum
334 573 360 616 et
377 561 503 634 puellam,
519 579 598 614 exeo
622 559 695 632 qnod
715 560 748 613 sd
771 555 892 614 mutuum
913 579 1028 614 amorem
1073 563 1218 627 valliculas,
1230 535 1265 615 ct·
1275 565 1349 615 sinus
1367 574 1520 635 portuosus,
1538 582 1619 635 quem
1631 565 1711 619 efficit
1723 583 1854 638 promon-

256 651 426 716 exarsissent,
451 667 478 700 se
499 667 530 700 ex
559 648 667 718 Bospori
698 648 823 716 angustiis
845 649 1028 718 proecipitasse.
1073 650 1133 700 torii
1151 647 1291 718 projectio;
1319 648 1353 700 ab
1376 650 1475 702 oriente
1492 649 1570 702 babet
1593 651 1705 704 ώιιιιιιιι
1727 653 1856 722 utrinque

257 735 428 790 Philostratus
439 735 508 786 enim
526 733 603 803 hujus
614 734 722 803 picture
735 732 881 802 symbolum
901 735 1030 804 interpre·
1074 735 1182 787 vallibus
1200 735 1327 786 eervicem
1344 745 1494 802 angustam,
1509 754 1562 806 qua
1574 737 1647 790 molli
1664 748 1692 790 et
1708 739 1857 808 semiplena

257 823 430 892 tatnrpositae
448 821 475 873 in
489 819 569 872 domo
587 819 699 889 quadam
721 819 840 889 Neapolis
857 819 1030 891 Italicaetqui
1062 822 1225 891 'pervenitur
1241 822 1268 873 in
1281 823 1455 890 promontorii
1472 821 1565 892 jugum
1583 823 1701 895 planum.
1715 823 1856 877 secundm

257 916 314 960 tum
324 908 345 958 si
357 905 460 958 vidisset
473 915 624 976 praesentem
639 907 798 976 Bosporum,
812 907 1031 958 cumeaminter·
1074 906 1155 958 olivus
1177 905 1335 974 deprimitur
1353 906 1385 959 ad
1403 910 1594 978 septentriones
1610 920 1762 981 precepset
1784 927 1856 980 pene

257 993 406 1062 pretabntur
419 991 525 1061 Neapoli
540 993 641 1061 pueris,
656 1007 709 1042 nm
723 991 848 1044 attulisset
863 992 960 1062 lapides
974 993 1030 1044 illos
1074 990 1203 1050 directus,
1218 989 1293 1059 cujus
1306 991 1407 1044 radices
1428 1010 1544 1046 summas
1561 994 1658 1046 clandit
1675 994 1745 1047 vallis
1755 994 1856 1046 decru-

257 1078 352 1132 domns
367 1081 433 1132 cerei
448 1079 541 1131 coloris
555 1095 654 1131 esseex
670 1097 717 1142 eo,
736 1079 806 1149 quod
828 1089 930 1132 montes
949 1080 1031 1150 Pliry-
1075 1093 1162 1129 rensa
1180 1093 1285 1128 summo
1298 1080 1471 1147 promontorii
1484 1077 1595 1149 jugosd
1608 1083 1770 1152 Bosporum,
1788 1082 1857 1132 imas

256 1165 304 1232 gire
318 1165 413 1216 similes
425 1163 517 1218 lerant.
530 1164 570 1217 Illi
582 1165 652 1217 enim
671 1164 741 1216 illinc
753 1165 901 1233 longissime
916 1166 1029 1230 absunt,
1076 1179 1138 1213 vero
1149 1162 1230 1230 cingit
1241 1160 1310 1213 idem
1328 1162 1472 1232 Bosporus,
1482 1165 1623 1217 retinentes
1634 1165 1739 1233 vestigia
1749 1164 1856 1232 antiqui

256 1250 358 1319 quales.
376 1267 436 1301 oum
447 1249 670 1320 proficisceremur
682 1259 773 1301 contra
788 1265 874 1317 regem
893 1252 1031 1302 Persarum
1075 1247 1194 1314 aedilicii,
1209 1245 1284 1316 cujus
1302 1246 1471 1303 fundamenta
1491 1252 1518 1302 in
1536 1250 1710 1321 littoreracta
1730 1251 1857 1322 perspexi

258 1336 285 1387 in
319 1337 448 1392 'sauricen
467 1335 559 1388 urbem
579 1333 688 1397 Mediae,
703 1333 755 1386 vidi
773 1337 801 1386 in
825 1335 946 1398 Galatiae,
973 1353 1032 1406 quar
1075 1353 1141 1406 pene
1149 1335 1253 1404 penitus
1263 1332 1356 1398 ellodi,
1369 1345 1396 1388 et
1413 1339 1674 1407 tympanisaTurcis
1686 1337 1775 1390 ellerri
1790 1355 1859 1389 saxa

259 1435 350 1486 niagno
359 1419 470 1489 Phrygia
478 1428 553 1470 antes
563 1418 706 1481 dicebatur,
718 1417 783 1470 urbe
794 1429 943 1489 nuncupata
956 1419 1030 1482 Boio,
1075 1419 1201 1491 quadrata
1240 1421 1364 1488 ingentis.
1392 1422 1541 1476 AEddicinm
1577 1425 1662 1477 Graeci
1689 1423 1856 1494 appellabant

258 1503 442 1572 antiquitatum
457 1502 548 1574 plena,
561 1519 637 1572 aqna
651 1519 704 1553 non
717 1501 793 1571 longe
804 1513 866 1556 sunt
885 1503 976 1556 balnea
986 1523 1033 1557 na·
1075 1497 1232 1575 περιὸολήν,
1257 1504 1300 1558 alii
1318 1498 1501 1576 neptiolirqs,
1526 1511 1600 1579 quasi
1619 1509 1742 1570 Ιιοιιιιιιι,
1756 1519 1788 1560 ιιι
1803 1508 1856 1577 ipsi

259 1599 318 1642 tura
334 1587 431 1652 calida,
451 1588 692 1660 ejusmodi-lapide
709 1588 861 1652 efficientia,
883 1590 971 1660 quales
987 1589 1033 1642 de·
1075 1590 1201 1664 putabant
1217 1589 1253 1642 ibi
1274 1589 1338 1642 olim
1359 1589 1451 1655 luisse3
1472 1611 1522 1662 eqo
1544 1594 1622 1646 altius
1643 1593 1752 1646 dumam
1770 1603 1856 1662 puto,

259 1676 350 1728 scribit
361 1675 539 1728 Philostratus.
554 1679 588 1730 At
608 1677 677 1747 apud
689 1678 834 1746 Bosporum
847 1694 900 1728 non
914 1694 946 1729 ex
964 1695 1032 1747 aqna
1075 1674 1147 1743 quasi
1168 1666 1356 1732 Ποσιιδώνιον,
1369 1670 1420 1724 boc
1427 1682 1482 1734 est,
1495 1671 1622 1741 templum
1638 1671 1771 1740 N‘Pltffllt
1789 1687 1856 1730 mm

259 1759 322 1814 tales
332 1759 411 1824 liunt,
426 1749 472 1812 sed
482 1761 569 1829 potius
582 1762 670 1830 cyanei
685 1761 779 1814 coloris
795 1776 801 1812 :
816 1761 866 1813 nisi
880 1759 986 1814 sortasse
997 1753 1033 1815 ita
1076 1750 1226 1824 l¹0rl¹1⁸q1¹l
1243 1771 1298 1806 2⁸⁵0
1311 1753 1396 1824 Ρθῑῑῑῑῑ
1417 1751 1443 1802 ῑῦ
1464 1750 1553 1804 lilim
1572 1747 1725 1828 0⁰⁰l¹²d⁰⁸⁰
1738 1749 1855 1818 ‘¹¹me

260 1844 430 1896 Philostratus
441 1844 604 1914 interpretari
618 1847 742 1914 potuisset
753 1845 884 1914 picturam
898 1845 977 1910 illem,
991 1857 1033 1899 to·
1075 1840 1229 1911 preruptis?
1241 1839 1316 1894 Adde
1326 1838 1398 1910 quod
1410 1836 1485 1908 juxta
1494 1853 1566 1888 mare
1581 1834 1706 1905 ternplum
1719 1835 1855 1904 Neptuni,

261 1938 367 1999 tamque
386 1929 528 1982 attribuere
549 1928 726 1982 sacerdotibus
746 1932 847 1998 Magne
861 1933 952 1984 Matris
971 1931 1033 1986 dso·
1076 1925 1148 1994 quod
1171 1925 1249 1995 juxta
1273 1926 1320 1978 bas
1345 1924 1475 1993 angustias
1503 1918 1629 1974 Aristides
1649 1917 1745 1982 tradit,
1771 1920 1857 1970 situm

260 2031 340 2078 rum,
355 2032 414 2085 quae
433 2014 567 2068 colebatur
584 2015 611 2068 in
625 2014 686 2068 sano
708 2017 851 2085 Europen,
869 2033 948 2086 supra
961 2015 1033 2086 quod
1076 2011 1155 2064 luisse
1166 2013 1303 2075 eonvenit,
1314 2010 1475 2080 atqueloris
1496 2006 1636 2076 templum,
1656 2014 1807 2057 nouantem
1826 2003 1856 2054 in

259 2109 316 2152 ertu
334 2101 430 2170 phaurs
443 2101 566 2170 antiqua,
582 2111 607 2153 et
613 2100 722 2170 juvenes
733 2101 790 2153 illos
803 2119 894 2154 navem
907 2101 1034 2172 trajecisse
1076 2114 1148 2160 aree,
1163 2095 1214 2148 hoc
1226 2106 1281 2157 est,
1300 2097 1327 2147 in
1338 2111 1443 2147 summo
1458 2087 1657 2163 promontorio,
1675 2089 1721 2143 sed
1740 2091 1855 2152 inimo,

260 2203 293 2237 ex
303 2188 363 2238 Asia
373 2188 400 2238 in
410 2185 583 2256 Europumad
593 2186 813 2257 repraesentandos
821 2186 947 2257 quosdam
961 2199 1034 2242 auus
1076 2192 1106 2234 ut
1116 2200 1178 2234 cum
1188 2199 1221 2233 ex
1230 2180 1367 2234 antedictis
1381 2179 1499 2249 Dionysii
1510 2177 1636 2248 conjicio,
1650 2188 1707 2230 tum
1724 2195 1758 2230 ex
1771 2175 1857 2246 spot-

260 2271 351 2324 Matris
364 2269 474 2323 deomm
496 2271 629 2323 amoribus
642 2272 792 2324 insanientis
807 2273 833 2323 in
851 2275 937 2344 Atyn,
962 2273 1033 2326 0010-
1077 2267 1149 2318 ionio
1161 2264 1280 2318 tradente
1290 2269 1453 2334 Argonautas
1473 2264 1501 2315 in
1519 2262 1606 2316 littore
1624 2279 1694 2314 aram
1712 2261 1857 2314 duodecim

260 2371 370 2424 remque
385 2372 489 2409 cereum
508 2347 589 2408 videri
612 2356 638 2408 in
656 2354 785 2426 lapidibus
802 2375 834 2408 ex
850 2356 892 2410 illa
914 2359 1031 2421 ratione,
1077 2351 1127 2403 diis
1143 2352 1281 2413 excitasse,
1296 2361 1323 2403 at
1333 2350 1404 2402 littus
1417 2347 1540 2400 distatab
1551 2365 1610 2400 arce
1620 2348 1724 2398 circiter
1734 2347 1857 2416 quinque

260 2455 311 2508 qna
330 2439 471 2509 Dionysius
485 2439 595 2510 appellat
608 2440 700 2492 Milton
718 2443 926 2509 promontorium
949 2460 1033 2513 oppo-
1077 2433 1159 2486 ⁵l²dl⁸
1172 2435 1198 2497 ⁴3
1217 2450 1330 2506 tempe
1343 2433 1492 2502 Pmlffium
1508 2448 1565 2483 ⁸⁸³⁰
1585 2429 1698 2498 lidelmi
1713 2447 1796 2502 emt*
1810 2428 1856 2482 lli·

260 2526 338 2578 sirum
346 2528 418 2579 Fano
426 2528 507 2580 soris.
521 2525 660 2580 sederim
674 2525 740 2578 hanc
750 2528 876 2596 picturam
884 2527 1032 2580 Philostrati
1077 2531 1119 2572 rus
1130 2519 1208 2572 tuisse
1216 2518 1252 2572 ob
1263 2517 1475 2572 commoditatem
1487 2517 1678 2586 navigantium,
1690 2525 1858 2586 aqueum

260 2609 350 2674 attuli,
366 2620 395 2662 ut
408 2628 442 2662 ex
451 2627 481 2662 ea
491 2610 595 2678 colligas
607 2611 669 2663 Fani
684 2611 777 2673 sitnm,
796 2621 822 2662 et
833 2613 943 2682 Bospori
955 2629 1035 2681 angu-
1077 2622 1176 2665 ΜΝ,
1189 2621 1223 2656 ὓθ
1234 2603 1453 2674 Palefflffllssfflss
1461 2601 1617 2654 ²⁰⁰0⁸⁵¹¹³²d
1626 2600 1780 2672 eflill‘fflm
1791 2602 1858 2654 3⁰⁸3·

260 2694 322 2746 stias
332 2693 402 2764 apud
410 2695 511 2748 Fanum
523 2705 698 2764 esantttttuot·
707 2693 861 2757 stadiorum,
871 2679 1035 2768 plfflmlnque
1077 2687 1128 2739 tllls
1145 2705 1242 2740 ttroem.
1255 2687 1359 2738 Tertiis
1376 2685 1551 2755 promonlorll
1567 2685 1648 2738 cllvtu
1662 2685 1730 2737 velut
1742 2685 1857 2738 (limum

261 2781 395 2850 antiquam
409 2779 488 2833 luisse
500 2782 529 2832 in
546 2790 688 2850 conspectu
707 2782 784 2848 Fani,
804 2791 894 2834 contra
909 2785 1035 2851 quamsit
1076 2775 1191 2828 excurrit
1205 2791 1221 2826 ἃ
1233 2771 1409 2842 summojugo
1418 2774 1444 2824 ln
1458 2772 1636 2836 occidefllem
1647 2789 1730 2841 usque
1743 2771 1778 2824 td
1791 2774 1858 2830 Βω-

261 2881 350 2917 reoem
376 2865 475 2936 pharus
496 2867 580 2936 posita
604 2877 677 2918 extra
701 2877 833 2936 aspectum
857 2871 1035 2936 angustiarum
1077 2862 1135 2931 pori
1148 2877 1263 2912 summas
1280 2859 1427 2927 augentius,
1445 2859 1531 2930 primo
1544 2857 1651 2927 quidem
1664 2857 1757 2910 leniter
1768 2875 1797 2910 se
1810 2876 1856 2910 re-

264 2949 345 3013 ani,
360 2960 387 3002 et
401 2959 429 3003 ut
439 2951 507 3003 circa
521 2952 621 3004 Fanum
637 2961 720 3004 essent
732 2951 872 3015 colurnuae,
888 2964 968 3023 utque
985 2953 1035 3006 sub
1077 2946 1158 2999 millii
1167 2938 1357 3014 altaroeffiqud
1367 2941 1488 2996 selmssd
1499 2943 1643 3012 B⁰⁸P⁰f¹¹ffl
1649 2941 1856 3013 *Plill‘tliuldffl

263 3035 487 3104 Fannpraecipitia
503 3036 649 3087 eminerent
666 3036 693 3087 in
705 3054 791 3100 mare,
809 3046 839 3089 ut
857 3038 884 3089 in
903 3036 1034 3091 radicibus
1077 3032 1180 3085 circiter
1202 3041 1315 3100 quatuor
1336 3028 1497 3092 stadiorum,
1517 3026 1591 3098 quod
1615 3025 1702 3080 sdbuc
1727 3028 1856 3097 utrinque

260 3118 435 3190 promontorii
456 3120 519 3171 Fani
540 3119 660 3171 existeret
677 3118 771 3172 domus
791 3120 857 3172 bena
871 3122 985 3187 munita,
1005 3131 1035 3174 ut
1077 3116 1207 3168 menibus
1220 3116 1333 3184 antiquis
1348 3113 1438 3183 oppidi
1452 3112 1516 3165 Fani
1530 3114 1644 3165 numum
1657 3112 1854 3185 speuarnrjam

262 3202 362 3255 Fanum
375 3212 441 3254 esset
451 3201 590 3272 oppidum.
1077 3201 1181 3270 penitus
1193 3199 1287 3252 deserti
1300 3210 1326 3252 et
1335 3200 1416 3250 vineis
1433 3200 1525 3251 consiti
1535 3198 1566 3255 ⁵:
1581 3196 1677 3250 deinde
1693 3196 1743 3251 sub
1759 3200 1856 3251 moeni·

297 3285 347 3339 Sed
361 3296 391 3340 ut
402 3286 503 3358 plardua
517 3286 674 3355 intelligatur
685 3288 748 3339 Fani
761 3288 835 3352 situs,
847 3286 992 3341 describam
1005 3300 1035 3341 ut
1077 3286 1127 3339 bns
1148 3287 1263 3355 antiquis
1284 3285 1358 3338 valde
1376 3284 1523 3356 propendet
1545 3302 1627 3355 usqne
1648 3283 1682 3336 ad
1704 3285 1854 3355 Bosporum

262 3386 333 3422 nunc
344 3381 391 3423 est.
410 3361 490 3441 Ἱερὸν
513 3371 657 3423 etiamnum
678 3388 693 3422 a
715 3371 812 3423 Grecis
834 3371 999 3441 appellatum,
1019 3390 1035 3425 a
1077 3372 1158 3425 clivus
1170 3372 1284 3425 efficiens
1296 3389 1448 3425 mucronem
1461 3372 1650 3440 promontorii,
1663 3371 1731 3424 altus
1747 3371 1856 3425 urcino

263 3456 361 3509 lanais
386 3458 500 3515 nonar.
516 3472 625 3524 porrum
647 3454 779 3511 castellnm
803 3464 940 3507 natura-et
957 3473 1034 3508 muro
1077 3466 1182 3508 eentum
1203 3472 1310 3527 mus,
1332 3455 1400 3507 latus
1419 3456 1477 3525 plus
1495 3456 1583 3507 minus
1600 3464 1744 3518 moeutos,
1763 3455 1809 3507 nbi
1824 3456 1854 3507 in

262 3541 410 3601 munitum,
429 3557 445 3591 a
467 3538 528 3591 solis
541 3539 634 3615 'luscis
652 3538 810 3601 habitatum,
838 3540 917 3593 situm
940 3550 981 3591 est
1006 3542 1033 3592 in
1077 3542 1164 3595 littore
1173 3540 1340 3595 fundamenta
1353 3540 1475 3593 videntur
1488 3539 1737 3610 editimufflotim
1753 3540 1854 3593 insen·

261 3620 315 3675 alto
332 3622 470 3693 supercilio
491 3622 683 3692 promontorii,
704 3620 779 3690 cujus
794 3622 912 3692 projectu
934 3625 1034 3694 Bospo·
1077 3625 1140 3695 pulo
1153 3624 1257 3677 distanti
1270 3625 1440 3677 acontiuenti
1455 3624 1559 3677 circiter
1568 3624 1674 3692 triginta
1684 3641 1789 3694 passum
1810 3642 1855 3680 re·

261 3726 306 3763 rus
328 3710 355 3761 in
378 3709 502 3763 maximas
522 3709 601 3761 totius
617 3708 669 3761 oris
693 3708 792 3778 pontici
809 3710 938 3776 angustias
960 3726 1046 3778 ‹rotn-¹
1077 3710 1456 3781 spondentiamolisnbstructae
1466 3713 1494 3763 in
1503 3709 1589 3762 littore
1597 3712 1726 3779 Europen
1734 3707 1856 3781 subjecto

260 3802 354 3849 ctatur.
391 3794 531 3863 Projicitur
555 3794 624 3847 enim
641 3811 657 3846 a
679 3792 740 3845 solis
758 3804 818 3847 ortu
843 3792 877 3845 ad
897 3811 1032 3858 occasum
1077 3795 1126 3847 sub
1140 3795 1240 3847 Fanum
1251 3794 1406 3865 Burnpaeum
1417 3810 1424 3845 ε
1437 3795 1579 3863 intorques
1595 3792 1703 3863 quidem
1716 3792 1798 3846 moles
1813 3810 1857 3847 ea·

261 3890 288 3933 at
311 3880 468 3951 Europeum
495 3879 721 3949 promontorium,
748 3880 774 3931 in
804 3897 858 3947 quo
888 3890 948 3932 ante
977 3878 1033 3932 dixi
1077 3890 1138 3933 tene
1150 3879 1349 3942 extendebatur,
1363 3880 1467 3949 nequis
1479 3881 1587 3933 munitis
1596 3880 1674 3935 Fanis
1683 3879 1792 3950 Bospori
1805 3896 1855 3931 an·

260 3964 338 4017 etiam
359 3982 430 4017 nunc
455 3973 553 4016 restare
575 3962 678 4031 vestigia
701 3964 802 4033 antiqui
822 3961 875 4015 lani
897 3966 1032 4033 Buropaei,
1077 3966 1173 4033 quatias
1185 3966 1316 4017 transiret.
1339 3963 1394 4015 Sub
1413 3964 1493 4016 imm
1509 3962 1598 4015 vallem
1615 3980 1631 4014 a
1650 3961 1756 4017 ordine
1772 3962 1853 4015 meri·

260 4066 450 4118 procurrentia
473 4036 692 4119 seplentrionibus
711 4046 745 4101 ad
771 4048 907 4101 meridiem
930 4050 1033 4103 easdem
1076 4048 1156 4103 duno
1166 4048 1329 4102 dementem
1346 4049 1410 4101 Fani
1425 4049 1531 4101 Asiatici
1546 4050 1773 4117 promontorium,
1787 4046 1853 4099 snb·

261 4136 391 4204 angustias
407 4136 503 4207 premit
521 4136 683 4203 stringitque.
700 4132 766 4185 illud
781 4135 924 4187 Asiaticum
947 4134 1033 4188 Ptole·
1075 4133 1161 4203 jectus
1173 4143 1213 4186 est
1223 4144 1315 4203 portus
1327 4134 1497 4202 optimus,et
1510 4132 1583 4185 valde
1600 4130 1758 4203 profundus,
1773 4148 1854 4201 quen

262 4235 342 4273 meas
369 4218 425 4283 (5,
448 4221 482 4287 r)
509 4218 620 4289 appellat
643 4218 772 4288 Bitbyniae
795 4217 1033 4290 promontorium,
1077 4235 1093 4271 a
1114 4218 1297 4289 septentrionis
1308 4228 1335 4270 et
1346 4218 1455 4269 omentis
1473 4218 1556 4271 ventis
1576 4226 1662 4269 tutum
1688 4215 1770 4269 effitit
1788 4232 1854 4286 pro-

261 4302 333 4373 quod
350 4302 445 4373 triplici
459 4302 526 4355 clivo
538 4300 668 4366 subsidet;
683 4319 766 4353 unum
781 4301 854 4355 valde
870 4319 984 4372 pronum
1000 4300 1035 4355 ad
1076 4305 1237 4355 montonem
1253 4302 1316 4354 Fani
1330 4318 1467 4370 nunquam
1484 4299 1538 4353 lere
1556 4300 1666 4353 neribus
1686 4306 1826 4353 earentern'
1844 4318 1852 4353 ι

262 4385 398 4439 meridiem
416 4384 514 4439 claudit
531 4384 601 4437 vallis
623 4402 772 4449 nemorosa,
792 4385 874 4439 divisa
892 4387 918 4439 in
941 4385 1034 4439 rnrrltas
1076 4404 1130 4458 quo
1139 4387 1217 4440 simili
1227 4397 1307 4457 portu
1319 4395 1390 4439 aret
1401 4388 1501 4439 Fanum
1513 4387 1686 4460 Europoeum
1699 4386 1787 4455 inque
1801 4384 1854 4438 lto·

297 4570 322 4623 3.
338 4568 466 4640 Bithynice
474 4566 742 4641 promontorium]V.
755 4574 833 4641 supro
846 4581 901 4623 not.
915 4587 991 4640 p.77‚
1006 4574 1032 4634 4.
1077 4587 1176 4642 prom,
1194 4572 1236 4622 cni
1256 4569 1374 4622 Herculis
1393 4568 1491 4633 lectus,
1509 4586 1587 4638 quem
1610 4568 1750 4638 Dionysius
1770 4566 1852 4629 dicit,

296 4651 323 4710 4.
344 4648 431 4701 Littus
447 4646 533 4701 distat
546 4649 580 4699 ab
596 4664 655 4699 aree
672 4647 779 4703 circiter
792 4647 903 4719 quinque
923 4646 1033 4719 studia]
1078 4645 1233 4719 superjacet,
1257 4663 1427 4717 permagnum
1449 4645 1577 4698 oolnmnae
1599 4646 1690 4697 iuniore
1709 4642 1852 4715 espitulum

170 4747 173 4755 ’
262 4724 362 4791 Quodsi
375 4726 562 4778 rooentioribus
581 4726 674 4779 tabulis
688 4726 767 4779 iidem
780 4726 875 4779 habere
891 4726 966 4790 lieet,
980 4726 1036 4780 hec
1078 4728 1229 4795 reperisset,
1248 4723 1356 4775 fortasse
1375 4722 1411 4775 ibi
1428 4724 1500 4777 Jovis
1515 4723 1573 4775 Urii
1591 4721 1716 4793 templum
1736 4722 1852 4792 positum

261 4802 377 4871 quinquo
389 4799 531 4855 stadiorum
545 4800 666 4855 distantia
677 4820 730 4857 nnn
744 4801 812 4855 eadit
824 4804 872 4855 nisi
887 4804 914 4855 in
928 4802 1035 4855 desnen-
1077 4820 1133 4855 esse
1154 4803 1314 4872 suspicatur;
1328 4800 1400 4870 quod
1420 4811 1451 4853 nt
1469 4800 1525 4853 lieri
1544 4800 1639 4870 possit,
1660 4816 1756 4853 nomen
1773 4796 1853 4869 Ἱερὸν

262 4894 320 4929 snm
330 4877 417 4947 quieb
427 4896 486 4932 arne
494 4889 534 4931 est
543 4897 630 4931 versus
637 4878 813 4943 occidentem
827 4897 915 4931 versus
927 4878 1034 4931 boream
1077 4880 1190 4948 χωρίον
1203 4878 1346 4945 (Marciau.
1358 4888 1385 4930 et
1395 4876 1485 4947 Polyb.
1496 4875 1549 4947 )ad
1560 4886 1640 4928 totam
1651 4876 1782 4945 regionem
1794 4894 1855 4947 qna

262 4955 399 5009 descensus
413 4956 495 5025 multo
508 4956 612 5009 brevior
625 4967 672 5010 ert.
1074 4956 1212 5029 bucu1qne
1221 4954 1346 5025 pertinet,
1357 4952 1523 5007 referendum
1531 4970 1586 5005 esse
1597 4962 1680 5023 putat.
1692 4952 1788 5006 Clarlxii
1797 4969 1855 5005 sen·

299 5032 324 5083 ⁵.
337 5032 415 5084 Hunc
425 5032 503 5084 situm
513 5031 629 5087 locorum
639 5043 805 5105 representat
813 5035 897 5103 imago
907 5036 933 5087 in
943 5034 1036 5087 Clarkc
1078 5035 1184 5085 tentiam
1196 5032 1331 5102 adoptasse
1342 5031 1445 5083 videtur
1455 5031 1599 5102 lliepertns,
1609 5040 1736 5099 quantum
1748 5048 1780 5082 er
1792 5046 1854 5100 par·

266 5107 371 5161 Trana
392 5107 419 5160 in
439 5108 547 5163 narinus
561 5110 689 5165 countries
710 5110 850 5181 (wadon,
875 5113 949 5167 1813.
973 5112 1035 5181 4⁰),
1079 5109 1137 5162 vuln
1152 5110 1259 5181 Bospori
1277 5108 1380 5171 tabula,
1400 5126 1479 5178 quam
1494 5108 1570 5163 Ponti
1584 5107 1680 5161 Euxini
1702 5124 1802 5178 mappae
1814 5108 1855 5159 vir

264 5194 327 5240 tom.
344 5186 371 5249 l,
384 5202 408 5239 c.
422 5190 466 5239 26.
486 5204 512 5261 p.
534 5190 594 5241 nto.
611 5188 729 5242 Clarltius
741 5205 825 5258 quum
845 5190 872 5241 in
889 5191 1035 5259 Argyronio
1078 5188 1242 5240 doctissimus
1254 5186 1375 5250 inseruit,
1388 5184 1528 5254 intelligere
1540 5183 1609 5237 licet.
