3884 5925
861 432 1096 496 ufflcutttlo.
1711 448 1768 500 aas

136 564 244 633 Aleta,
258 566 318 621 sica
332 560 666 636 sariaproiercns,oleum
681 578 797 633 quoqne,
812 574 952 633 oryzamet
1033 564 1077 617 50.
1102 562 1165 617 Post
1186 560 1336 633 Bithyniam
1359 564 1478 633 sequitur
1496 564 1615 619 ‘lhracise
1632 568 1769 637 provincia

174 650 266 705 alicam
280 660 307 703 et
319 663 464 718 purpuram
481 645 589 699 honam.
994 650 1088 721 etipsa
1104 647 1177 701 dives
1197 650 1225 701 in
1244 648 1372 702 fructibus
1389 660 1416 701 et
1432 651 1502 703 viros
1524 652 1620 703 eiciens
1640 651 1720 704 lortes
1743 653 1770 703 in

209 737 253 797 tt.
268 736 330 787 Post
340 733 408 787 hanc
416 732 535 799 sequitur
543 728 952 800 licllespontus,reqioli·ngisers
983 734 1075 789 hello.
1099 734 1185 787 llahet
1211 736 1327 787 civitates
1347 734 1497 804 splendidas
1517 736 1770 807 Constantinopolim

175 819 325 882 frumento,
339 818 402 869 sino
415 827 442 868 et
456 814 531 878 oleo,
551 823 644 867 ornata
665 815 814 868 civitatibus
835 817 951 885 antiquis
994 829 1021 871 et
1042 819 1197 872 Heracliam.
1233 821 1320 886 Quem
1335 820 1605 891 Constantinopolim,
1630 838 1690 875 cum
1703 831 1771 873 esset

174 908 283 977 Cyzico,
294 903 375 973 Troja
383 912 410 956 et
418 900 482 966 Ilio,
497 901 511 927 *
522 918 581 970 que
593 911 619 953 et
633 903 763 971 positione
774 912 802 956 et
819 904 950 971 magnitu·
994 903 1135 974 aliquando
1155 904 1327 975 Byzantium,
1349 904 1536 959 Constantinus
1549 907 1690 977 imperator
1708 925 1771 957 ron·

175 989 238 1044 dine
254 1000 281 1042 et
295 997 451 1043 ornamento
473 995 500 1038 et
519 984 700 1060 formonsitate
721 1003 827 1039 omnem
847 986 951 1040 laudem
994 990 1080 1054 didit,
1093 1000 1120 1043 et
1133 1008 1212 1044 suum
1225 1008 1371 1059 cognomen
1383 992 1482 1045 civitati
1503 992 1636 1063 imposuit.
1653 993 1770 1046 Heraclia

174 1092 297 1145 supeme
309 1082 411 1145 potast3
432 1080 459 1123 et
480 1069 518 1122 ibi
537 1071 608 1123 enim
627 1070 797 1141 pulchritudo
810 1070 951 1126 mulierum
995 1096 1057 1131 vero
1069 1062 1312 1131 excellentissimum
1322 1094 1388 1149 opus
1404 1078 1482 1131 habet
1495 1080 1523 1131 in
1535 1079 1637 1131 theatro
1647 1089 1673 1131 et
1687 1078 1771 1147 regale

173 1160 310 1214 laudabilis
322 1169 371 1213 ast.
993 1163 1208 1235 palatium3nam
1225 1164 1452 1236 Constantinopoli
1469 1166 1584 1219 circense
1602 1184 1668 1239 opus
1684 1168 1771 1239 perni-

208 1252 253 1317 ²⁸9·
270 1246 332 1300 Post
346 1246 542 1318 Hellespontum
553 1245 671 1315 sequitur
686 1242 846 1297 admirabilis
857 1244 949 1317 Bithy·
994 1249 1064 1301 ciosa
1076 1258 1102 1301 et
1115 1248 1254 1301 sevissima
1267 1250 1435 1303 contentione
1444 1259 1584 1321 spectatur.

174 1332 219 1384 nia
232 1350 339 1385 omnem
355 1330 470 1384 fructum
490 1328 598 1383 hahens.
621 1330 653 1381 In
676 1327 725 1381 hac
745 1339 807 1382 sunt
829 1331 950 1384 maximae
1031 1332 1073 1387 51.
1098 1335 1123 1386 A
1134 1332 1247 1387 Thracia
1266 1350 1330 1386 sero
1349 1332 1499 1388 obviantem
1513 1336 1629 1388 invenies
1646 1332 1770 1389 Macedo·

174 1418 292 1470 civitates
302 1417 390 1469 Nicea
407 1424 434 1467 et
451 1412 616 1467 Nicomedia.
629 1411 681 1465 Sed
692 1413 891 1483 dispositionem
904 1414 951 1467 Ns·
992 1418 1075 1472 niam.
1091 1416 1154 1471 Haec
1175 1417 1312 1473 abundans
1329 1420 1453 1473 omnihus
1474 1421 1551 1474 honis
1573 1422 1635 1474 eicit
1653 1421 1767 1485 iurum,

174 1519 232 1554 cam
252 1501 362 1554 civitatis
385 1498 491 1551 difficile
503 1508 544 1550 est
565 1499 593 1549 in
611 1496 667 1550 aisis
686 1496 947 1564 urhihusinvenire3
993 1501 1147 1573 plumbum,
1167 1502 1270 1557 brdusn
1291 1514 1319 1557 et
1334 1522 1439 1559 mum
1461 1505 1656 1569 Dardanicums
1670 1504 1771 1575 adjacet

173 1586 289 1655 regulam
303 1588 376 1639 enim
386 1595 462 1655 putat
478 1583 573 1653 aliquis
584 1584 733 1653 impositam
744 1584 857 1645 civitati,
870 1584 907 1637 ita
918 1595 948 1637 ut
994 1590 1065 1641 enim
1076 1589 1100 1640 ei
1112 1587 1254 1642 Dardanis.
1264 1588 1297 1644 Et
1303 1590 1381 1643 hahet
1386 1592 1516 1643 civitatem
1521 1589 1767 1661 splendidissimam,

173 1675 262 1726 omnia
272 1672 441 1726 edificiorum
450 1669 565 1724 culmina
576 1669 667 1739 oqmu
680 1669 802 1723 decorata
812 1669 951 1724 libramine
993 1691 1052 1745 qum
1065 1682 1104 1727 est
1113 1691 1166 1727 uua
1174 1674 1362 1740 eminentium,
1378 1677 1506 1731 vocabulo
1517 1677 1740 1731 Thessalonicam.

173 1758 339 1830 splendidm
358 1756 519 1811 intuentibus
541 1756 658 1828 prebere
689 1754 828 1811 videantur
854 1757 949 1828 adspe-
1029 1757 1337 1813 terminaremus
1354 1760 1503 1825 Thessalia,
1519 1779 1578 1831 quse
1591 1762 1673 1815 multo
1685 1762 1769 1815 abun·

171 1838 579 1899 mmstmttiseresuioomedu
586 1840 948 1897 omnihusbonisahundans.
994 1843 1061 1899 dans
1088 1846 1176 1897 tritico
1196 1845 1275 1899 habet
1298 1857 1414 1900 montem
1441 1847 1571 1901 excelsum
1592 1850 1638 1918 qui
1661 1858 1770 1902 vocatur

173 1930 316 1999 Diligenter
330 1930 358 1983 in
369 1946 400 1983 ea
413 1928 591 2001 spectaculum
604 1928 758 1983 exhibetur.
994 1930 1132 2001 Olympus.
1146 1933 1208 1985 Post
1218 1931 1377 1985 Thessaliam
1388 1932 1483 2005 hehay'a
1491 1944 1518 1986 et
1530 1934 1631 1987 Grecis
1646 1944 1673 1988 et
1686 1936 1770 1988 Laco·

134 2124 160 2181 B
172 2147 243 2183 cam.
261 2132 296 2183 tu
308 2140 348 2183 est
365 2129 439 2182 valde
451 2128 626 2195 admirabilis,
641 2129 717 2201 cujus
727 2129 816 2183 laudes
833 2131 949 2202 permul-
995 2132 1022 2184 in
1037 2148 1088 2202 qua
1109 2133 1244 2204 (eminet)
1266 2135 1420 2187 circensium
1433 2134 1610 2207 spectaculum
1621 2132 1770 2205 diligentius

173 2226 213 2268 tas
226 2232 324 2286 ponera
335 2214 441 2269 difficile
448 2225 496 2269 ast.
558 2268 563 2275 ,
993 2229 1134 2290 spectatur.

209 2307 254 2365 tt.
273 2306 336 2357 Post
358 2303 426 2356 hanc
440 2312 481 2355 est
501 2300 700 2372 Hellespontum,
714 2305 787 2372 regio
807 2302 949 2372 frugifera,
1030 2304 1073 2359 50.
1088 2306 1151 2358 Post
1163 2303 1312 2374 Bithyniam
1332 2304 1428 2357 iterum
1445 2303 1557 2359 'Ihracis
1574 2304 1724 2375 provincia,
1744 2314 1772 2357 et

173 2388 321 2453 frumento,
333 2390 397 2441 sino
413 2399 441 2441 et
451 2388 511 2442 oleo
524 2398 626 2451 ornata.
637 2389 760 2442 Civitates
773 2400 861 2443 autem
871 2388 951 2443 hahet
994 2390 1050 2459 ipss
1071 2388 1144 2441 disee
1163 2389 1190 2441 iu
1205 2387 1333 2441 [ructibus
1352 2398 1380 2441 et
1391 2390 1520 2443 maximos
1541 2388 1640 2442 hahens
1654 2390 1723 2443 viros
1744 2399 1771 2442 et

172 2477 293 2545 antiquas
309 2474 366 2527 illas
380 2473 488 2545 'liniam
500 2485 528 2527 et
539 2474 634 2537 Ilium,
653 2473 750 2527 horma
763 2486 852 2529 sutem
865 2473 948 2545 msy'o-
994 2474 1074 2529 lortss
1086 2476 1114 2528 in
1128 2474 1206 2529 hello.
1218 2476 1330 2545 Propter
1340 2474 1414 2545 qnod
1426 2485 1454 2529 et
1466 2474 1617 2546 frequenter
1628 2474 1690 2528 inde
1701 2474 1770 2529 mili·

172 2579 229 2613 rem
250 2562 390 2632 Cyzicum,
416 2577 474 2630 quae
487 2570 515 2613 et
534 2561 664 2631 positione
686 2572 713 2614 et
726 2560 906 2630 magnitudine
923 2570 950 2614 et
992 2571 1031 2615 tes
1045 2561 1181 2615 tolluntur.
1204 2560 1291 2615 Habet
1305 2572 1392 2615 antun
1404 2562 1521 2617 civitates
1533 2560 1682 2633 splendidas
1702 2563 1771 2615 Con·

173 2658 329 2699 ornamento
347 2656 375 2699 et
395 2646 577 2700 immensitate
589 2662 695 2699 omnem
708 2646 813 2700 landem
826 2664 949 2717 superare
992 2646 1458 2719 stantiuopolimetlleraclesm.Que
1465 2647 1701 2719 Consuntincpolis
1708 2664 1770 2701 eum

172 2742 266 2803 potest.
279 2734 314 2785 Et
327 2733 363 2785 ihi
376 2734 448 2785 enim
458 2734 549 2785 Venus
562 2733 703 2785 mulierum
715 2732 948 2804 pulchritudines,
994 2743 1061 2786 esset
1082 2732 1223 2803 aliquando
1252 2734 1424 2804 Bymntium,
1448 2734 1634 2787 Constantium
1658 2732 1771 2787 condita

174 2820 265 2889 sagitta
275 2818 413 2890 Cupidinis
426 2828 535 2880 ornata.
548 2819 707 2873 constituere
715 2821 807 2876 soluit.
994 2836 1071 2873 snum
1084 2838 1230 2889 cognomen
1250 2821 1347 2875 civitati
1367 2820 1501 2890 imposuit.
1513 2819 1636 2873 Heraclea
1651 2836 1713 2871 rere
1725 2834 1771 2871 ea·

210 2910 254 2976 49.
274 2909 337 2960 Post
357 2906 551 2978 Hellespontum
573 2917 613 2959 ast
635 2908 753 2960 invenire
770 2906 949 2961 admirabilem
994 2905 1088 2959 cellens
1105 2922 1172 2977 opus
1192 2904 1270 2959 hahet
1292 2914 1319 2959 et
1341 2904 1472 2960 theatrum
1492 2914 1519 2957 et
1536 2904 1620 2974 regale
1634 2904 1768 2974 palatium.

172 2991 337 3062 Bithyniam,
352 3009 411 3062 quae
426 2994 540 3043 maxima
550 3002 577 3044 et
593 2995 708 3062 optima,
724 3010 783 3062 qoae
792 2993 831 3045 sie
843 3010 949 3047 omnem
994 2991 1234 3062 Constantinopolis
1244 3001 1330 3046 autem
1341 2992 1430 3045 omnis
1441 2993 1572 3062 precipua
1581 2990 1677 3044 hahere
1685 3000 1770 3060 potest

168 3077 289 3130 'linum
301 3077 370 3130 iacit.
384 3079 506 3130 Civitates
514 3077 595 3129 hahet
606 3077 702 3130 multas
710 3076 833 3147 quidem,
847 3077 893 3130 sed
902 3076 949 3131 sd·
993 3089 1102 3151 psopter
1113 3080 1325 3134 Constantinum.
1362 3079 1418 3130 Nec
1431 3095 1485 3130 non
1498 3093 1561 3130 sero
1574 3087 1601 3130 et
1612 3077 1768 3130 circensium

173 3163 306 3216 mirabiles
317 3165 432 3216 Nieoesm
444 3173 471 3216 et
488 3163 678 3216 Nicomediam.
692 3166 726 3218 Bt
737 3165 830 3218 utem
841 3163 949 3236 quidem
992 3165 1168 3237 spectaculum
1182 3165 1320 3218 sevissime
1329 3172 1469 3233 κροαίνων.

173 3249 284 3301 civitatis
303 3250 501 3320 dispositionem
515 3248 670 3302 difficiieest
687 3249 749 3302 alibi
762 3252 893 3316 invenire3
906 3269 948 3304 re·
1029 3252 1073 3308 ⁵1.
1094 3255 1118 3305 A
1138 3250 1251 3304 'l'nracia
1264 3265 1327 3318 crgo
1350 3249 1499 3305 obviantem
1512 3247 1628 3302 iuvenies
1646 3246 1769 3302 Macedo-

174 3335 260 3404 gulnm
279 3347 366 3388 autem
377 3343 452 3406 putat
464 3335 558 3404 aliquis
570 3336 785 3406 impositamesse
797 3337 871 3388 omni
884 3337 948 3389 cisi·
992 3339 1078 3402 niam,
1100 3355 1159 3408 qnae
1181 3335 1317 3390 abundans
1338 3336 1437 3400 omnia,
1459 3337 1593 3404 nmquam
1622 3351 1685 3388 sese
1706 3336 1768 3388 eicit

171 3422 219 3473 tati
232 3431 340 3490 propter
358 3419 529 3489 equalitatem
548 3431 574 3472 et
588 3420 807 3495 immensitatem
821 3432 849 3474 et
865 3433 905 3475 est
921 3424 949 3476 in
992 3423 1090 3476 serrum
1107 3433 1135 3474 et
1153 3421 1306 3492 plumbum,
1319 3420 1475 3490 aliquotiens
1487 3430 1574 3474 autem
1587 3430 1615 3474 et
1627 3418 1729 3472 lardum
1740 3430 1768 3472 et

172 3507 296 3558 omnibus
310 3517 401 3558 ornata
413 3515 441 3556 et
457 3515 588 3560 οοιννίνινν.
608 3505 762 3560 Nicomedia
776 3509 949 3580 semetipsa
993 3525 1096 3561 caseum
1116 3506 1309 3570 Dardanicam
1323 3504 1424 3576 adjacet
1438 3507 1508 3559 enim
1527 3507 1551 3558 ei
1573 3505 1717 3560 Dardanis.
1734 3508 1769 3558 Et

171 3594 289 3646 eminens
302 3603 329 3648 et
348 3591 508 3647 admirabilis
531 3603 557 3646 et
577 3595 605 3646 in
626 3591 748 3644 omnibus
767 3592 903 3646 abundans
922 3603 949 3646 et
992 3593 1070 3646 habet
1090 3593 1220 3644 civitatem
1237 3589 1400 3662 splendidam
1412 3590 1638 3654 Thessalonicam,
1653 3607 1711 3660 quse
1729 3599 1769 3644 est

171 3675 269 3729 hahens
282 3693 348 3746 opus
359 3675 493 3745 publicum
505 3676 633 3746 optimum
645 3676 780 3728 Basilicam
792 3679 944 3746 antiquum,
992 3690 1018 3732 et
1029 3679 1082 3750 ipsa
1099 3695 1151 3730 una
1162 3679 1344 3730 eminentium.

169 3780 222 3834 qua
235 3763 353 3814 divinum
368 3764 454 3831 ignem
474 3761 508 3814 de
523 3760 589 3814 coelo
600 3761 763 3816 descendisse
783 3772 809 3816 et
826 3763 948 3816 combas·
1029 3764 1072 3816 ha.
1092 3765 1154 3816 Post
1164 3761 1345 3816 Macedoniam
1352 3759 1665 3814 Thessaliamultaserens
1677 3758 1769 3812 etaliis

169 3847 219 3900 isse
233 3866 290 3902 eam
302 3845 409 3912 dicunt,
425 3857 451 3898 et
466 3846 573 3899 condita
585 3856 623 3900 est
633 3858 748 3919 posteaa
763 3849 946 3904 Constantino.
994 3847 1112 3904 sufficere
1125 3847 1231 3900 dicitur.
1246 3847 1279 3898 Et
1295 3846 1374 3900 hahet
1385 3855 1501 3898 montem
1515 3845 1671 3916 Olympum,
1688 3859 1767 3913 quem

168 3935 256 3988 Habet
268 3945 355 3988 autem
368 3944 396 3988 et
408 3934 551 3998 ciroenses,
564 3943 724 3988 structuram
740 3934 815 3987 valde
827 3933 945 4000 honam,
994 3934 1104 3988 deorum
1124 3932 1304 3987 habitaculum
1324 3933 1455 3986 Homerus
1475 3932 1522 3986 ait.
1538 3933 1600 3984 Post
1613 3929 1768 3982 Thessaliam

202 4142 265 4206 §48
280 4131 381 4194 sjttio
393 4139 461 4210 que]
471 4137 578 4193 Excidit
590 4139 677 4210 Cyzici
688 4141 805 4204 mentio,
818 4119 852 4193 a'd
866 4157 945 4211 quam
1027 4140 1087 4208 §50
1102 4143 1136 4193 A.
1152 4139 1179 4194 ia
1193 4148 1253 4191 ante
1267 4137 1505 4208 Constantinopoli,
1521 4147 1547 4189 et
1560 4146 1620 4206 post
1631 4153 1697 4208 opus
1710 4151 1765 4190 om.

167 4215 303 4270 referenda
316 4225 378 4267 suot
396 4217 530 4285 sequentia
551 4232 558 4267 z
577 4228 669 4286 quoeet
679 4218 810 4286 positione
822 4230 871 4272 etc.
887 4222 946 4288 i}-
990 4215 1054 4276 cod.
1066 4217 1129 4274 Car.
1148 4218 1158 4286 ΙΙ
1178 4245 1215 4256 -
1236 4213 1366 4284 conditus]
1382 4213 1515 4267 conditam
1532 4213 1592 4268 cod.
1611 4213 1622 4280 ΙΙ
1646 4241 1679 4252 -
1691 4215 1708 4280 ς
1720 4213 1765 4267 51.

168 4295 185 4362 ς
198 4302 231 4362 49
242 4295 273 4347 B.
293 4292 442 4363 basilicam]
460 4316 472 4338 ι
486 4294 595 4346 Basilica
613 4296 721 4363 antiqua
740 4295 899 4350 Nicomediae
912 4299 946 4352 de
987 4293 1136 4365 plumbum]
1146 4292 1267 4364 pluriam
1278 4290 1356 4344 codd.
1370 4292 1398 4344 in
1410 4293 1433 4344 A
1445 4301 1472 4344 et
1484 4292 1515 4354 tu
1529 4308 1582 4346 em.
1596 4291 1659 4342 Mai.

168 4371 235 4422 ooelo
245 4381 312 4423 taeta
323 4379 349 4421 et
360 4369 511 4435 combusta,
525 4389 540 4423 a
553 4373 725 4424 Constantino
737 4383 826 4443 postea
842 4376 943 4428 instau·
1025 4375 1041 4439 ς
1057 4373 1090 4424 ia
1109 4375 1142 4427 Α.
1162 4371 1217 4424 sibs'
1231 4371 1344 4439 tantiam]
1358 4379 1462 4422 tauteus
1480 4371 1557 4440 periit
1577 4369 1604 4422 in
1622 4368 1697 4430 (Σίνις
1716 4366 1767 4420 vix

168 4459 232 4500 rata.
244 4446 400 4500 Dehssilica
410 4450 465 4518 ipss
480 4466 505 4501 ν.
522 4449 673 4502 msnodiam
687 4449 790 4504 Lssranii
808 4470 836 4523 p.
850 4451 865 4503 5
879 4464 944 4524 etp,
989 4447 1118 4519 supplevit
1130 4448 1287 4516 Maii-ln
1302 4449 1324 4500 B
1342 4445 1425 4500 codex
1437 4445 1546 4500 multura
1602 4445 1698 4498 lrabw
1716 4461 1767 4514 pro

168 4532 231 4590 aod.
250 4532 312 4591 sou
328 4527 463 4580 combusta
483 4539 522 4582 est
535 4545 605 4582 anno
618 4529 828 4584 Constantiniani
842 4532 946 4604 imperii
990 4526 1102 4579 mrsltam
1174 4525 1317 4579 habeatem.
1337 4525 1348 4593 ΙΙ
1361 4553 1399 4566 --
1415 4524 1526 4594 crocino]
1547 4523 1586 4576 sie
1602 4526 1640 4586 A3
1664 4521 1767 4574 cresim

167 4610 203 4658 ab
216 4605 257 4657 vel
270 4621 314 4674 27,
327 4605 382 4657 sive
392 4622 436 4658 an.
450 4606 501 4658 333
512 4606 551 4659 vel
564 4605 614 4669 334
626 4622 654 4678 p.
667 4608 743 4668 Chr..
758 4626 791 4661 eo
801 4609 860 4680 ipso
875 4627 945 4665 anno
989 4603 1049 4662 eod.
1063 4605 1090 4658 iu
1104 4606 1136 4656 B.
1150 4603 1275 4674 lapidem
1286 4601 1350 4655 dicit
1362 4603 1408 4672 qui
1419 4601 1452 4654 ad
1473 4602 1599 4663 cremas,
1615 4601 1701 4652 vicum
1716 4601 1765 4652 La·

166 4699 221 4753 qno
242 4682 429 4736 Constantinus
452 4684 589 4737 simulacra
602 4693 629 4736 et
651 4681 710 4737 iana
724 4687 831 4747 evertit,
844 4685 945 4740 reditus
989 4683 1127 4746 conicum,
1143 4679 1277 4734 ell'oditur.
1298 4679 1362 4734 Vid.
1376 4679 1516 4734 Pausanias
1535 4677 1561 4739 3,
1578 4691 1623 4740 at,
1642 4680 1669 4738 li.
1685 4673 1765 4740 (Μ
1818 4715 1821 4718 -

166 4775 259 4812 eorum
270 4759 383 4813 ecclesiis
396 4757 512 4813 donarit.
526 4759 660 4812 Cedrenus
672 4776 679 4812 ι
689 4761 731 4832 Τῷ
743 4759 783 4813 ae‘
792 4762 835 4813 sol
845 4761 885 4823 κζ’
895 4760 945 4815 lter
990 4761 1096 4826 teratu,
1115 4759 1183 4820 λίθος
1194 4758 1264 4828 apud
1277 4759 1387 4812 Lucian.
1400 4759 1481 4828 ilipp.
1499 4773 1523 4810 c.
1538 4755 1564 4819 5,
1576 4753 1591 4808 ὁ
1603 4753 1629 4808 lat
1647 4757 1696 4806 τῶν
1716 4754 1765 4806 ha·

166 4837 242 4891 sisoi
257 4835 302 4903 τὴν
316 4837 379 4891 κατὰ
389 4845 439 4891 τῶν
452 4837 564 4892 εἰδώλων
576 4837 619 4890 atel
634 4843 682 4890 τῶν
696 4845 762 4893 ναῶν
779 4839 858 4893 aurbs
869 4843 945 4893 sard·
988 4840 1074 4891 νώνων
1085 4838 1153 4899 λίθος
1164 4839 1273 4906 Gregor.
1289 4838 1365 4907 Nyss.
1379 4846 1446 4888 tom.
1464 4852 1489 4898 1,
1509 4850 1537 4904 p.
1556 4833 1618 4902 399,
1633 4837 1670 4896 t;
1685 4829 1762 4884 hhd·

165 4911 236 4966 λνσιν
247 4914 368 4981 larisseus,
380 4915 460 4977 stret
473 4913 581 4976 slodhouc
592 4915 673 4968 αὖτῶν
685 4919 741 4978 ταῖς
751 4916 890 4982 ἐκκλησίαις
901 4922 944 4972 τοῦ
988 4915 1119 4976 sutilibus
1135 4915 1249 4970 mmm.
1267 4931 1291 4978 t,
1306 4931 1335 4984 p.
1356 4917 1418 4973 860.
1432 4916 1469 4976 A;
1484 4908 1613 4974 Λακωνικὴ
1631 4909 1694 4972 πλάξ
1713 4910 1762 4962 Ba·

167 4991 225 5044 ίεοῦ
244 4989 362 5062 impetos.
378 4993 441 5046 Τότε
459 4995 502 5047 καὶ
514 4992 530 5059 ἡ
543 4993 568 5046 ἐν
585 4993 738 5063 Ναομηδείᾳ
757 4993 872 5064 βασιλικὴ
889 4993 945 5065 arupl
988 4992 1029 5047 sil.
1038 5001 1104 5047 tom.
1118 5009 1143 5056 1,
1157 5009 1183 5063 p.
1197 4993 1258 5059 396,
1272 4991 1303 5045 C.
1321 4993 1334 5054 ΙΙ
1344 5017 1378 5030 -
1388 4985 1523 5042 dicendum
1533 4987 1700 5057 antiquarum
1712 4985 1764 5037 bel-

168 5068 226 5140 tuq
238 5070 354 5141 ίφλέχίη.
372 5073 538 5126 sGosaora.
556 5073 568 5139 l
585 5100 621 5112 -
639 5072 743 5142 emises]
756 5079 887 5126 eminens?
898 5081 943 5126 aut
989 5071 1053 5141 lum]
1066 5070 1107 5124 Cl.
1122 5071 1281 5123 Athenarum
1294 5067 1434 5137 descriptio
1448 5067 1475 5119 in
1489 5069 1644 5135 Anonymo,
1659 5073 1725 5119 tom.
1738 5080 1760 5123 ιι

167 5148 726 5223 emisset...rpectuculumquodds‘ls'gcutt'usr’
877 5157 880 5164 '
987 5165 1014 5220 p.
1027 5167 1071 5219 99.
