3884 5925
595 507 771 569 iunctus
792 506 956 599 BQSPOBl
979 509 1151 570 Tllllhssll.
1650 522 1667 571 5

75 654 141 715 portu
155 643 314 713 Lyciorum,
329 641 376 694 ubi
396 642 443 694 etsi
460 643 589 711 Bosporus
610 612 734 709 frigidus,
753 640 846 693 tamen'
887 641 1031 711 potuisset?
1041 642 1069 694 in
1078 659 1133 711 quo
1149 638 1215 693 nibil
1225 639 1363 693 fortuitum
1378 640 1493 707 videtur,
1507 639 1554 693 sed
1564 656 1667 693 summu

76 732 154 780 Venus
168 727 263 795 frigere
273 745 327 779 non
340 738 426 798 potest
434 745 582 798 compressu
591 726 699 780 collibus
710 726 804 779 Bacchi
816 736 842 779 et
887 728 988 779 ratione
1004 723 1117 791 fuctum,
1132 736 1162 779 ut
1175 726 1218 778 rix
1235 725 1286 779 ulla
1302 726 1417 779 humanu
1430 744 1504 779 mens
1515 725 1614 795 majore
1623 743 1667 778 ur·

76 816 165 867 Cereris
186 813 328 867 lei-acibus.
346 817 418 867 Juuo
437 816 506 867 circa
525 816 672 885 Bosporum
698 812 792 883 duplex
816 824 843 865 et
886 809 1664 882 tilicioeroogitarepossctoommodioremsdnavigandum

75 902 177 969 genium
188 918 284 971 nempe
292 909 404 971 utraque
413 902 549 953 continens
559 910 639 953 certet
650 918 704 952 non
716 899 799 952 solum
809 899 842 952 de
887 909 933 951 eut
946 899 1036 968 siquis
1049 907 1159 951 tentaret
1169 899 1279 967 Bospori
1290 915 1319 949 os
1330 896 1404 949 aliter
1413 896 1521 965 fingere,
1534 895 1576 949 ilie
1589 906 1665 959 asset,

75 985 249 1049 simIlitudine,
260 984 305 1037 scd
318 988 395 1039 ctiam
405 986 438 1039 de
456 987 565 1057 paritate
581 985 705 1050 collium,
718 986 840 1052 vallium,
887 984 932 1053 qui
946 984 974 1035 in
987 983 1037 1036 alia
1052 984 1169 1053 corporis
1180 993 1252 1053 parte
1261 1000 1291 1035 os
1300 982 1427 1047 hominis,
1442 1000 1522 1052 quum
1534 993 1583 1046 eit,
1594 1000 1666 1036 com·

75 1076 189 1137 sontium,
212 1071 335 1141 hugum,
358 1073 501 1128 fructuum.
528 1074 581 1127 Ubi
601 1074 699 1137 Pallas,
719 1074 840 1137 urbium,
888 1068 992 1121 modius
1010 1066 1197 1153 pssedebuisse
1209 1066 1304 1120 frustm
1320 1067 1433 1137 probure
1454 1070 1591 1121 niteretur.
1610 1070 1666 1121 Pri·

74 1160 161 1211 arcium
178 1158 277 1221 tutrix,
299 1176 386 1211 arcem
400 1160 563 1211 architectari
582 1160 707 1229 potuisset
723 1177 841 1211 commo·
888 1174 962 1209 mum
981 1174 1059 1209 suum
1082 1156 1219 1208 introitum
1239 1157 1309 1207 inter
1321 1156 1437 1225 Cyaneas
1452 1155 1554 1225 largum
1575 1157 1665 1223 viginti

74 1246 164 1296 diorum
183 1242 217 1295 ad
240 1243 409 1296 retinendum
426 1255 568 1315 utrumque
588 1244 695 1307 orliem,
718 1262 796 1314 quam
815 1246 842 1297 in
887 1241 986 1305 stadis,
1005 1240 1139 1293 montibus
1158 1242 1288 1305 cinctum,
1304 1239 1666 1293 velutbrachiudistenditin
1758 1306 1765 1315 .

74 1330 196 1401 Bosporo?
209 1332 258 1385 ubi
271 1331 354 1383 Pullos
366 1333 475 1402 Bospori
489 1333 587 1401 primes
595 1331 644 1383 sibi
657 1342 743 1401 partes
752 1330 841 1383 deberi
888 1329 1053 1401 compleaum
1073 1330 1282 1391 introeuntium
1297 1326 1394 1379 deinde
1407 1328 1502 1381 sensim
1520 1346 1569 1399 per
1584 1328 1668 1398 longi·

74 1418 215 1481 contendat,
242 1436 323 1488 quam
348 1420 376 1470 in
405 1436 464 1470 aroc
486 1418 619 1488 Byzantii?
648 1435 702 1488 quo
724 1420 842 1490 primum
889 1414 1007 1467 tudinem
1020 1413 1135 1467 duorum
1153 1412 1294 1465 miliarium
1308 1430 1391 1483 usque
1407 1411 1440 1466 sd
1453 1415 1666 1484 promontorium

74 1506 156 1573 egressi
182 1504 293 1556 coloniae
322 1502 479 1555 deductores
511 1504 657 1555 Minervam
693 1502 840 1567 coluerunt,
887 1500 1050 1571 Myrleanum
1079 1510 1226 1553 coarctatur
1247 1500 1275 1552 in
1297 1498 1428 1567 anputias
1448 1500 1586 1564 miliarias,
1608 1510 1669 1571 post

74 1608 184 1661 numque
200 1592 329 1643 Minervae
341 1590 456 1643 Ecbnsise
470 1590 506 1643 ibi
524 1603 664 1642 erexerunt
675 1600 723 1653 pet
741 1589 843 1643 Pallade
889 1590 915 1641 in
940 1587 1129 1657 longitudinem
1151 1588 1269 1657 quinque
1286 1586 1459 1640 miliariorum
1478 1597 1564 1641 rectus
1576 1605 1668 1659 prooe-

75 1676 187 1744 ady'utrice
199 1678 289 1728 statim
301 1687 452 1745 pugnarunt
466 1686 590 1745 tunquam
602 1692 651 1745 pro
666 1685 734 1727 terre
747 1676 841 1745 petria,
888 1674 943 1739 dit,
964 1675 1112 1745 multosque
1133 1676 1206 1727 sinus
1226 1684 1365 1743 portuosus
1382 1672 1477 1738 ellicit;
1501 1673 1563 1727 inde
1582 1675 1616 1727 ad
1636 1676 1668 1729 fi·

75 1781 155 1832 nempe
162 1764 304 1833 Byzantio,
315 1761 386 1833 quod
395 1762 483 1815 lumen
493 1772 533 1814 est
543 1762 713 1815 clarissimum
722 1764 842 1832 Bospori.
888 1780 947 1815 nem
960 1779 1043 1832 usque
1051 1761 1151 1831 mugnis
1160 1760 1320 1815 anfractibus
1329 1770 1355 1812 et
1365 1759 1464 1811 crebris
1472 1760 1573 1813 sinibus
1584 1762 1669 1831 pergit

76 1850 159 1902 Habuit
176 1853 241 1903 item
261 1849 369 1901 alteram
396 1866 466 1901 eram
483 1866 562 1919 supro
581 1850 741 1918 Bosporum,
764 1866 842 1919 quum
889 1850 1020 1902 flexuosus
1035 1848 1164 1920 usquead
1181 1850 1279 1901 munia
1301 1848 1434 1918 Byzantii,
1452 1846 1528 1917 cujus
1540 1866 1667 1901 mucrone

76 1938 225 2003 Megarenses
243 1933 527 1988 colonisedeductores
544 1934 654 1987 Palladis
674 1934 843 2005 dissipatoriae
874 1936 958 2007 ¹velut
969 1946 1055 1989 rostro
1066 1933 1195 1986 scinditur
1202 1935 1231 1985 in
1241 1932 1307 1985 dues
1317 1943 1417 2003 portes,
1430 1950 1541 2003 quarum
1550 1934 1669 2004 rapidior

75 2020 222 2089 appellarunt
243 2020 278 2071 ab
296 2019 416 2072 hostibus
435 2019 553 2071 barbaris
574 2016 739 2089 dissipandis.
760 2021 844 2073 Diana
888 2032 914 2074 et
929 2022 1013 2092 major
1030 2024 1057 2075 iu
1075 2020 1262 2092 Propontidem
1282 2020 1458 2091 progreditur,
1473 2020 1596 2090 paulatim
1614 2023 1669 2073 oris

77 2108 127 2157 item
138 2116 161 2157 et
180 2103 261 2159 Ceres
275 2116 302 2158 et
317 2105 435 2158 Bacchus
453 2104 616 2158 contendunt
636 2123 731 2159 ornare
745 2108 843 2175 Bospo-
888 2108 1086 2173 recedentibus,
1104 2126 1186 2179 usque
1201 2108 1266 2160 dum
1281 2109 1350 2159 inter
1368 2107 1560 2161 ehatoedonem
1577 2118 1605 2161 et
1616 2110 1667 2178 By·

75 2210 133 2244 rnm.
145 2192 317 2271 Boquoylnsm
328 2192 400 2244 aliud
415 2203 466 2245 tem
478 2192 556 2244 breve
572 2194 683 2263 spatium
693 2210 736 2245 sex
749 2192 844 2263 templa
888 2196 1002 2247 mutium
1026 2194 1149 2247 dilatatur
1167 2195 1194 2247 in
1208 2191 1418 2263 quattuordecim
1432 2192 1525 2256 studia,
1549 2194 1668 2246 simfliter

75 2280 152 2331 habuit
166 2280 276 2332 illustria
288 2280 379 2331 Diauae
390 2296 469 2349 quum
482 2280 633 2349 Bosporus?
644 2281 670 2331 in
681 2278 756 2349 cuy'us
767 2298 844 2332 exor·
887 2283 945 2352 pari
958 2282 1069 2333 introitu
1079 2278 1246 2332 ascendentes
1259 2278 1390 2347 excipiens
1402 2278 1429 2329 in
1437 2279 1562 2342 Pontum,
1579 2289 1610 2330 ut
1621 2296 1668 2331 ex·

75 2364 112 2418 dio
125 2366 172 2419 luit
189 2369 284 2419 Dianae
296 2366 386 2419 lunum
404 2366 471 2419 sileo
491 2365 607 2429 celebre,
629 2375 659 2418 ut
669 2363 739 2417 idem
754 2363 843 2417 lunum
888 2368 951 2437 cipit
962 2364 1147 2419 descendentes
1156 2383 1187 2416 ex
1198 2366 1293 2417 Ponto.
1304 2363 1393 2417 Altera
1405 2365 1564 2434 perusinum
1576 2364 1666 2430 efficit,

74 2453 101 2505 ab
112 2454 237 2523 aliquibus
251 2454 356 2506 dicatur
373 2455 478 2517 Dianae,
495 2452 528 2505 ab
545 2452 600 2505 eliis
609 2453 692 2505 Jovis.
707 2453 843 2523 Nusquam
888 2454 979 2505 Cornu
993 2461 1183 2521 nuncupatum.
1198 2448 1249 2503 Sed
1257 2448 1323 2519 quid
1334 2448 1409 2519 plura
1420 2447 1454 2501 de
1464 2450 1599 2521 Bosporo?
1612 2451 1669 2503 sine

75 2541 145 2591 liiane
162 2558 210 2591 sna
224 2542 293 2591 retia
312 2540 413 2591 marina
430 2536 515 2591 tendit
536 2536 634 2589 lelicim
646 2524 724 2606 quem
737 2536 764 2589 in
779 2538 843 2591 Bos-
888 2557 942 2608 quo
957 2540 1111 2609 Bymntium
1122 2554 1257 2607 nunquam
1273 2537 1418 2601 exstitisset,
1426 2546 1471 2589 aut
1482 2536 1594 2605 vulgaris
1604 2538 1668 2589 urhe

75 2644 143 2695 poro,
155 2626 182 2677 in
196 2644 254 2695 quo
264 2625 354 2677 medio
366 2624 417 2677 suit
428 2624 496 2677 aedes
510 2625 600 2675 Dianae
612 2624 758 2693 Dictynnae.
773 2625 844 2677 Finis
888 2628 1069 2688 remansisset,
1082 2624 1156 2695 eujus
1174 2623 1296 2677 conditor
1312 2632 1339 2674 ct
1356 2624 1447 2691 genius
1461 2622 1667 2692 Agathodremon

75 2713 170 2781 Bospori
190 2712 286 2765 babuit
305 2710 432 2781 templum
448 2711 538 2765 Dianae
561 2708 690 2762 Orthosiae
712 2719 738 2761 et
761 2708 843 2761 sedern
888 2714 1020 2781 Bosporus
1036 2709 1094 2780 jure
1115 2709 1167 2761 dici
1189 2718 1275 2779 potest
1296 2717 1323 2759 et
1348 2706 1441 2772 debet,
1468 2708 1525 2761 sine
1543 2726 1667 2778 quonon

75 2798 233 2867 Persephonen
253 2800 281 2851 in
309 2798 491 2869 promontorio
513 2798 655 2866 Bosporio‚
684 2797 798 2865 itemque
816 2798 843 2849 in
889 2796 969 2849 niodo
994 2798 1080 2848 vivere
1098 2813 1159 2849 cum
1185 2794 1327 2862 dignitate,
1348 2792 1393 2845 sed
1416 2811 1449 2845 ne
1467 2795 1537 2847 nasci
1560 2793 1668 2863 quidem

75 2886 181 2951 opposito
199 2884 289 2937 littore
302 2882 442 2935 delubrum
458 2884 548 2934 Dianae
566 2880 708 2943 Lucilcrae,
726 2890 803 2950 etque
817 2883 843 2934 in
888 2886 1024 2953 potuisset.
1037 2884 1071 2935 Et
1084 2900 1117 2935 ue
1128 2881 1239 2933 babeam
1252 2879 1396 2942 inculcare,
1411 2896 1470 2949 quie
1481 2892 1569 2951 postea
1581 2880 1670 2939 dicem

76 2971 170 3038 Bospori
187 2981 269 3040 portu
284 2972 426 3042 Lyciorum
443 2960 593 3040 nuncupato
614 2968 739 3039 templum
754 2969 844 3022 Dione
889 2969 922 3022 de
939 2970 1079 3040 Byzantio,
1092 2967 1120 3019 id
1136 2966 1191 3019 lere
1204 2983 1283 3018 omne
1291 2967 1409 3036 Bosporo
1420 2977 1556 3037 acceptum
1570 2965 1671 3023 setene

76 3056 218 3126 Phosphori.
233 3055 285 3108 Sed
297 3055 362 3126 quid
378 3067 431 3108 tum
442 3055 522 3107 multa
538 3053 572 3106 de
583 3052 651 3106 diis?
664 3070 724 3105 cum
741 3071 844 3123 possem
889 3067 1001 3128 oportet,
1014 3055 1086 3126 quod
1099 3054 1184 3108 lundis
1195 3054 1276 3126 tribui
1290 3063 1375 3125 potest
1388 3055 1522 3126 Byzantio.

77 3143 209 3212 Beeporum
223 3145 279 3196 suis
294 3143 370 3196 variis
380 3153 406 3195 et
419 3143 532 3213 propriis
541 3141 662 3194 laudibus
675 3139 778 3203 cllerre,
794 3141 843 3192 nisi

79 3227 123 3278 ln
138 3245 217 3298 l'aum
232 3229 359 3324 praeloqui
379 3229 534 3292 '⁰¹¹¹l⁵⁸⁰¹¹¹¹
553 3245 608 3279 ¹¹⁰⁰
628 3237 680 3279 ‘³¹¹¹
695 3238 724 3277 ¹¹¹
739 3225 844 3278 hudem
888 3252 909 3304 l.
928 3255 965 3302 De
983 3249 1082 3317 origiue
1098 3249 1222 3322 Bospori,
1238 3259 1263 3301 et
1283 3247 1315 3300 de
1331 3250 1388 3318 rjus
1403 3248 1496 3307 multis
1510 3249 1666 3303 nominihus.

78 3315 208 3384 bosporum
219 3334 253 3368 en
267 3315 371 3385 judicio
385 3314 514 3379 deorum,
528 3331 607 3384 quam
619 3321 648 3366 ut
667 3314 776 3384 Bospori
795 3331 843 3366 no·

78 3401 137 3452 mina
155 3401 261 3470 antiqua
284 3401 435 3454 summatim
458 3399 597 3452 informem
619 3408 741 3469 usurpate
767 3409 844 3468 etque
1227 3399 1275 3458 Ἑν,
1299 3407 1327 3458 2

77 3485 187 3554 appellate
201 3487 236 3539 ab
248 3488 315 3549 aris,
337 3485 439 3556 templis
462 3487 606 3555 ceterisque
623 3484 734 3536 deomm
749 3501 842 3538 monu-

78 3572 167 3624 mentis.
183 3575 275 3642 Ituque
292 3574 439 3642 Bosporum
451 3569 562 3624 deorum
578 3569 740 3624 domicilium
753 3571 841 3640 appel·
924 3567 1033 3638 Bnrperi
1058 3565 1182 3619 Thracici
1201 3565 1274 3630 oripo
1292 3577 1331 3618 est
1349 3569 1449 3620 Pouttu
1467 3565 1600 3620 etaemus.
1620 3570 1668 3618 Str-

77 3654 130 3718 lari,
143 3655 250 3726 quodin
262 3675 296 3709 eo
308 3659 428 3709 omnium
442 3655 570 3725 majorum
582 3655 755 3710 deommarae
766 3654 843 3708 sedes·
886 3671 937 3724 pm
958 3655 1070 3704 Pontum
1091 3663 1130 3704 est
1149 3651 1254 3704 Mentis
1269 3669 1347 3722 qnam
1367 3664 1474 3704 matrem
1495 3663 1522 3704 et
1542 3650 1668 3704 nutricem

78 3757 120 3808 que
133 3741 216 3794 multee
234 3752 261 3794 et
279 3741 455 3794 celeberrime
468 3740 584 3796 luerunt.
604 3743 669 3793 Jurc
678 3741 758 3808 igitur
776 3758 842 3794 non.
889 3737 968 3790 Ponti
982 3736 1127 3813 diuulgauit
1136 3736 1267 3788 iuncinum
1279 3754 1373 3799 semro,
1385 3737 1491 3807 jamnh
1505 3753 1585 3808 usque
1598 3737 1669 3788 nuri·

78 3827 131 3878 nulli
140 3829 282 3898 Bosporum
292 3831 399 3881 Sacrum
412 3830 507 3880 ostium
517 3827 691 3898 appellarunt3
699 3827 759 3897 jure
768 3829 843 3880 lason
888 3841 940 3894 quo
954 3822 1076 3874 memoria
1090 3821 1222 3886 truditus;
1240 3821 1375 3876 Maeotidir
1388 3821 1450 3887 senis
1468 3822 1579 3885 Tenuis,
1596 3821 1670 3874 limes

79 3910 202 3964 duodecim
216 3911 268 3965 diis
286 3911 377 3965 lanum
393 3915 553 3966 consecravit
568 3923 721 3984 propterea,
734 3922 764 3964 ut
777 3911 842 3964 mihi
889 3913 1002 3982 Europa
1019 3921 1045 3961 et
1057 3910 1140 3962 Asin.
1161 3908 1309 3962 Moeott'dcm
1325 3909 1473 3967 Cimmerieo
1480 3907 1554 3975 freto
1569 3908 1671 3980 excipit

79 3999 175 4060 ridetur,
190 3999 262 4070 quod
283 4017 375 4052 omnes
388 3999 425 4052 dii
444 3999 475 4052 ud
497 4017 557 4052 eum
572 3997 721 4052 ornandum
735 4009 843 4052 conten·
890 4000 1005 4057 Pontus,
1029 3996 1076 4066 qui
1098 4007 1193 4048 unctus
1212 3994 1335 4048 meotide
1356 4006 1382 4046 et
1405 3995 1497 4047 multis
1521 3994 1671 4064 magnisque

82 4081 138 4135 disse
150 4085 280 4150 uidentur,
300 4095 392 4138 contra
405 4087 564 4150 Sostratum,
580 4085 625 4155 qui
647 4085 793 4154 Bosporum
805 4103 843 4138 as-
888 4083 1042 4146 fluminibus
1053 4101 1103 4155 per
1119 4081 1258 4135 Thracium
1272 4081 1402 4153 Euripum
1417 4081 1473 4134 cuit
1489 4082 1515 4133 iu
1531 4081 1670 4152 Proponti-

81 4170 132 4220 serit
140 4171 250 4240 Neptuni
269 4189 338 4242 opus
353 4189 422 4235 esse5
441 4171 505 4222 mibi
517 4171 604 4240 potius
617 4169 649 4222 ab
659 4169 723 4221 orbe
733 4169 844 4222 condito
888 4167 957 4221 dem.
975 4172 1011 4220 Et
1023 4180 1055 4220 ut
1066 4168 1155 4234 magni
1167 4168 1240 4220 locres
1248 4167 1360 4236 fluuium
1374 4167 1486 4239 aliquem
1500 4167 1614 4219 emittens
1627 4185 1670 4219 so-

82 4253 151 4320 ipsum
165 4257 314 4326 patefecisse
328 4255 432 4308 videtur
441 4257 595 4310 architectus
606 4255 647 4309 ille
658 4273 785 4320 summus,
797 4259 842 4326 qui
890 4255 957 4316 lcnt,
971 4255 1011 4306 itu
1024 4258 1124 4307 Pontus
1133 4255 1232 4307 emittit
1247 4254 1274 4306 in
1286 4273 1355 4306 nitere
1370 4257 1484 4320 AEgoeum
1498 4254 1670 4322 aulntjlumeu

82 4337 188 4392 elementa
202 4343 299 4394 creavit
313 4352 340 4394 et
356 4340 484 4394 distinxit.
504 4339 646 4410 Quomodo
662 4342 777 4412 Neptuni
792 4341 845 4394 sor·
890 4342 1062 4405 irremimiim‘,
1086 4342 1113 4393 in
1134 4341 1268 4413 principio
1291 4351 1445 4407 angustum,
1462 4341 1489 4393 in
1512 4339 1595 4394 medio
1612 4357 1669 4390 nm·

84 4427 138 4478 tuita
153 4430 176 4479 vi
188 4428 305 4482 &minus
322 4431 423 4482 Pontus
442 4439 494 4482 tem
507 4431 570 4482 scite
582 4431 728 4499 Bosporum
742 4430 844 4500 aperire
887 4429 976 4500 plum,
994 4428 1021 4479 in
1032 4429 1083 4494 fine
1099 4428 1232 4480 erricrum.
1252 4426 1330 4480 Finis
1350 4426 1502 4498 appellatur
1517 4425 1669 4496 Hellespon·

116 4639 149 4686 t‘r.
164 4651 188 4689 a.
202 4635 330 4702 Quamvis
346 4637 465 4706 Dionysii
479 4653 573 4688 nomen
583 4635 623 4687 his
637 4653 691 4688 non
705 4635 845 4705 prmfixecit
892 4637 943 4689 tius
956 4655 981 4689 ν.
997 4636 1145 4706 Βορυσθένης
1158 4634 1243 4690 dicit:
1261 4635 1332 4688 illitu
1344 4639 1399 4704 (sc.
1416 4634 1586 4707 Βορυσθένης)
1602 4633 1642 4686 καὶ
1656 4633 1670 4685 ὁ

88 4709 186 4778 Gyllius‚
199 4725 286 4766 umen
300 4731 333 4765 ex
347 4723 497 4784 comparato
515 4712 660 4782 fragmento
674 4713 845 4784 primolncilc
895 4711 1079 4780 Ἑλλήσποντος
1102 4715 1149 4784 πρὸ
1175 4718 1218 4780 τῆς
1242 4713 1339 4780 Ἕλλης
1360 4713 1481 4768 teatino.
1519 4713 1669 4767 Meotidcm

87 4787 196 4856 mligitur
209 4808 238 4842 ee
249 4787 283 4842 ad
298 4791 408 4844 verbum
425 4790 478 4843 l'ere
490 4809 520 4844 ex
536 4791 629 4862 Auupli
642 4802 747 4844 auctore
759 4801 844 4843 truns-
891 4804 960 4846 certe
971 4804 998 4846 et
1011 4796 1157 4864 Bosporum
1169 4795 1339 4847 Cimmerium
1352 4794 1484 4848 nonnullis
1494 4794 1573 4847 luisse
1583 4804 1669 4864 partes

88 4863 128 4916 leta
138 4885 193 4920 me.
213 4869 223 4936 ll
243 4899 278 4909 -
303 4871 404 4921 rvelut
420 4871 512 4932 fleimen
526 4871 689 4941 maximum]
720 4871 844 4923 Similiter
889 4872 1012 4924 Taneidis
1037 4873 1127 4936 llurii,
1143 4873 1223 4944 liquet
1244 4891 1277 4924 cx
1300 4875 1404 4926 Arriani
1426 4885 1452 4926 et
1475 4873 1607 4943 Anonymi
1623 4890 1669 4942 pc·

89 4941 214 5014 llndreossy
227 4943 352 5016 (Voysge
366 4943 381 4998 t
394 4945 590 5000 l’embouchure
601 4945 670 5000 dele
685 4965 740 5000 mer
753 4949 842 5001 Noire.
890 4953 962 5023 riplis
976 4953 1053 5004 Ponti
1065 4954 1133 5004 Eur.
1145 4955 1156 5019 (
1164 4970 1189 5002 ν.
1203 4953 1237 5004 G.
1248 4953 1314 5004 Min.
1326 4961 1346 5004 t.
1360 4955 1383 5016 1,
1398 4969 1426 5022 p.
1440 4956 1491 5016 4¹4
1501 4961 1526 5004 ct
1539 4951 1590 5019 394
1603 4949 1667 5018 ibiq.

90 5023 157 5086 Paris,
173 5028 252 5098 1818)
268 5047 274 5081 :
292 5053 303 5074 ι
323 5031 360 5081 Le
372 5030 506 5099 Bosphoro
519 5040 544 5082 et
559 5029 582 5082 le
597 5030 668 5082 cannl
679 5027 726 5083 des
745 5031 844 5083 Darda·
890 5041 945 5084 not.
957 5031 1041 5102 ),ubi
1054 5031 1222 5085 oshlaeotidis
1235 5031 1314 5084 etiem
1330 5029 1593 5102 Tunnisappellatur.
1630 5033 1670 5081 Ac

89 5100 155 5152 nelles
166 5117 269 5172 peurcnt
283 5109 338 5158 etre
347 5105 496 5159 consideres
508 5125 611 5160 comme
622 5108 659 5159 les
671 5109 766 5178 parties
778 5109 841 5162 inse·
889 5111 909 5160 si
930 5113 1085 5178 Anonymus
1094 5117 1169 5180 poeta
1185 5108 1228 5176 (ν.
1242 5118 1263 5160 t.
1280 5109 1303 5172 1,
1325 5126 1353 5180 p.
1368 5109 1419 5160 233
1431 5109 1452 5179 ),
1468 5106 1622 5178 Ephorum,
1639 5115 1671 5158 ut

91 5181 173 5234 rieures
185 5183 243 5237 d'un
260 5187 343 5238 lleuve
361 5186 428 5238 dont
442 5186 560 5256 l'origine
574 5197 612 5238 est
627 5204 679 5238 aux
692 5205 796 5240 sources
808 5189 844 5240 du
893 5186 1005 5250 videtur,
1018 5198 1136 5248 eccultus,
1147 5185 1181 5238 de
1190 5187 1270 5240 Tanai
1278 5184 1361 5240 dicit:
1376 5185 1469 5252 Ἐξίησι
1477 5187 1593 5254 δίστομον
1603 5183 1671 5252 ἔχων

94 5259 190 5328 Bnieper
202 5273 225 5314 et
238 5263 436 5316 l'embouchure
448 5281 499 5316 uux
519 5263 694 5316 Dardenelles.
717 5288 727 5314 ν
742 5268 772 5318 In
784 5283 844 5318 esn-
891 5263 920 5316 rb
931 5263 1027 5334 ῥεῖθρον
1042 5262 1075 5324 εἰς
1088 5261 1133 5328 τὴν
1147 5263 1284 5333 λεγομένην
1298 5263 1407 5315 Μαιῶτιν
1421 5262 1453 5323 εἰς
1465 5262 1508 5315 τὀν
1522 5260 1669 5330 llrppspmdu

95 5334 142 5386 [lem
153 5343 293 5394 sententium
302 5342 407 5394 trahere
416 5343 497 5412 possis
509 5342 581 5413 quud
592 5343 737 5413 Stephanus
750 5345 846 5413 Bymn·
891 5361 915 5394 τε
936 5343 1071 5413 Βόσπορον,
1090 5343 1147 5395 hnc
1169 5361 1201 5394 cs
1224 5342 1315 5394 eodem
1334 5343 1457 5412 opinione
1481 5348 1603 5403 innuant,
1621 5339 1670 5394 etsi
