3884 5925
797 280 856 324 ,ΙΙ

595 463 771 526 sanetus
792 465 952 526 nosronr
973 467 1144 526 rossan.
1387 428 1392 436 ’
1626 481 1664 531 ιι

85 598 151 650 urbis
161 596 239 649 dama
252 605 307 657 est,
320 604 374 648 tota
390 595 544 648 exedificata
557 597 674 658 etsicca,
687 606 843 648 tamencum
888 595 1036 656 mansibus,
1056 594 1191 664 effugisse,
1203 604 1229 646 et
1244 595 1391 664 pervenisse
1407 593 1441 648 ad
1458 597 1620 666 Bosporum,
1637 609 1665 653 et

85 683 139 734 olim
152 698 273 733 mesum
289 681 369 732 maris
382 680 471 742 luisse,
491 693 632 752 posteaque
650 683 804 734 exsiooetam
818 691 844 733 et
888 681 938 734 illio
951 684 1079 753 aoeepisse
1089 681 1189 734 donum
1202 699 1219 733 a
1229 683 1345 751 tyrannis
1358 683 1506 736 nominatos
1520 675 1628 746 Κήπους
1640 687 1663 753 ’;

85 780 146 820 terra
162 775 301 835 aggeratim
315 765 395 818 fuisse
406 766 439 818 ad
452 765 627 836 suscipiendas
647 766 786 820 domorum
804 784 843 818 se·
888 787 973 839 neque
991 768 1103 822 declarat
1120 768 1271 830 AEsehiues,
1289 770 1519 839 usquequisquam
1532 770 1613 834 alitts,
1629 788 1665 824 ιιι

85 853 136 914 des,
151 866 207 904 vcro
223 851 376 921 proximum
392 851 503 912 ridetur,
520 869 580 904 cum
600 870 633 904 es
653 851 771 922 eoquod
788 851 844 920 ejus
888 853 956 924 apud
978 856 1123 925 Bosporum
1142 853 1283 906 Thracium
1302 871 1336 906 ao
1356 853 1528 906 Cimmerium
1546 855 1574 906 hi
1593 855 1665 908 horti
1715 863 1718 867 '

86 938 152 1006 longa
170 936 283 1007 planities
302 936 336 988 ad
362 936 470 988 libellam
490 937 544 988 lere
561 948 661 1006 aequata
679 955 757 1009 supra
775 955 845 1008 mare
889 937 998 1000 suerint,
1020 955 1053 990 so
1073 938 1177 1008 tyranni
1198 935 1234 988 illi
1249 946 1334 988 essem
1350 939 1480 1006 Bymntii‚
1498 939 1619 1008 quitum
1631 939 1667 992 ah

76 1031 168 1092 'parurn
176 1022 285 1084 eminet,
300 1031 357 1073 tum
370 1041 401 1086 es
417 1021 464 1074 illis
473 1023 556 1074 causis
567 1040 631 1091 quas
647 1039 726 1093 supra
738 1022 844 1076 demon·
890 1023 1092 1076 Atheniensibus
1104 1021 1335 1098 deieceraotlfeta
1350 1023 1499 1093 potentibus
1512 1024 1613 1078 civibus
1626 1034 1668 1094 tp

86 1111 168 1172 stravi,
179 1127 224 1160 eur
234 1109 368 1179 Bosporus
380 1109 465 1160 minus
477 1127 548 1161 nnnc
562 1110 595 1162 sit
608 1111 738 1162 sinuosus.

395 1283 444 1342 Fr.
471 1295 516 1343 ts.

117 1454 174 1502 Post
195 1451 336 1504 llelitmum
353 1452 439 1504 sinum
453 1452 594 1524 Dionpsius
610 1453 689 1524 ponit
703 1453 784 1504 locum
802 1470 847 1503 no·

88 1537 199 1589 ntirmtnm
214 1534 321 1600 Κῆπον,
337 1537 429 1610 nilque
438 1559 528 1592 nomen
537 1539 659 1612 adeptum
671 1559 723 1592 esse
735 1559 767 1592 ex
780 1552 847 1592 terro

89 1625 146 1673 inter
160 1641 255 1694 pnurns
278 1623 317 1674 nd
339 1626 468 1676 cnltnrnm
489 1625 620 1676 hortorum
643 1625 747 1688 Monta,
767 1625 848 1677 mnris

91 1727 139 1758 ιινο
150 1709 241 1760 lucrum
256 1709 294 1760 nd
296 1709 432 1762 lentitiam
444 1711 625 1782 acquisivisse.
637 1715 695 1764 Non
704 1711 769 1763 eninr
780 1730 849 1762 mure

889 1116 995 1167 rannice
1009 1113 1230 1182 gubernabuntur,
1246 1129 1280 1163 an
1294 1113 1466 1183 Nymphaenm
1484 1131 1568 1185 prope
1584 1117 1668 1168 Bers-

889 1197 968 1252 cieam
979 1201 1123 1262 Ponticam,
1139 1197 1356 1264 consanguineam
1366 1199 1557 1268 Byzantiorum,
1572 1218 1668 1272 nempe

789 1349 792 1356 .
890 1283 1019 1338 coloniam
1031 1286 1197 1353 Megaricam,
1209 1282 1289 1332 situm
1300 1283 1409 1352 Gylouis
1420 1284 1569 1354 proditione
1577 1285 1666 1356 adepti

1214 1493 1264 1574 Frt
1291 1502 1336 1551 tt.

926 1663 991 1712 Post
1022 1661 1156 1732 Apsnsion
1192 1661 1335 1732 Dionysius
1362 1663 1441 1734 ponit
1462 1661 1669 1732 promontorium

889 1745 1033 1816 plurimum
1044 1766 1122 1819 super
1133 1749 1189 1800 alin
1200 1748 1380 1819 pronmntorio
1397 1747 1521 1808 eminens,
1535 1759 1669 1801 tentorum

89 1792 139 1844 dim
156 1793 191 1846 iii
205 1794 390 1860 indngnhntur,
400 1795 446 1847 sed
458 1797 570 1848 otiosum
586 1797 715 1856 manebat,
734 1815 792 1848 curn
808 1808 847 1847 tn·
915 1831 920 1842 ·
995 1832 1001 1842 ·

93 1899 137 1930 mn
148 1882 262 1950 piscibus
277 1882 452 1936 diversorium
461 1883 575 1953 prebere
592 1881 683 1934 solent.
702 1873 847 1954 Ἁψαοιιῖον

91 2070 122 2108 ter
130 2047 241 2128 Ἁψιόιος
253 2057 358 2108 colitur.

118 2147 151 2195 lta
164 2153 267 2194 roeatur
285 2159 300 2194 a
314 2142 457 2210 Dionysio,
480 2141 527 2192 nisi
543 2139 641 2192 codicis
655 2151 769 2192 erratum
791 2141 823 2192 sit
841 2158 846 2192 :

90 2250 140 2282 curn
151 2241 230 2284 lamen
249 2249 263 2281 a
276 2229 435 2282 Callimacho
448 2229 473 2280 in
488 2230 580 2280 iambis
594 2232 690 2298 Apesas
709 2229 849 2299 appellatus

90 2315 130 2376 sit,
151 2315 213 2365 sicut
235 2313 382 2382 Stephanus
400 2313 491 2364 scribit
514 2329 519 2363 :
546 2337 557 2356 ι
577 2313 637 2386 Νφι
653 2311 711 2363 iovi
726 2313 849 2382 Apesanti

88 2399 224 2450 mancam
243 2416 323 2468 equas
337 2397 484 2451 Arcadicos.
500 2422 512 2444 ι
533 2399 671 2449 Pausanias
686 2399 730 2464 (a,
753 2397 797 2458 15,
814 2397 849 2464 3)

92 2511 100 2528 ι
113 2486 188 2555 ¹Supra
198 2485 338 2548 Nemeam,
353 2485 455 2554 inquit,
471 2487 567 2554 Apesas
578 2503 666 2548 mons,
680 2485 706 2535 in
721 2501 774 2554 quo
788 2485 851 2536 Per·
919 2521 924 2532 .
947 2523 952 2532 .

89 2587 149 2620 uum
157 2571 269 2638 primum
281 2569 341 2621 Jori
353 2567 494 2640 Apesantio
507 2587 562 2620 rem
570 2567 685 2620 divinam
699 2568 788 2620 secisse
798 2578 850 2619 tra·

89 2656 152 2707 dunt.
160 2659 253 2708 Statius
262 2657 386 2726 Papinius
398 2657 432 2724 (T
433 2655 493 2710 heh.
508 2657 537 2712 3.
552 2659 620 2724 460)
632 2656 665 2708 de
676 2673 708 2707 co
720 2657 756 2734 sie
767 2655 831 2706 dicit
842 2672 849 2706 ·.

139 2809 204 2854 lions
213 2809 264 2855 erat
275 2806 361 2855 audrei
372 2807 487 2856 scutimus
494 2783 523 2855 ¹ln
534 2808 625 2855 ethere
637 2806 723 2866 dorso,

139 2875 236 2924 Borrine
249 2875 341 2924 seruet
355 2879 489 2924 niemormt
499 2880 617 2938 Apesmta
626 2875 714 2924 οοιοοι.

139 2946 252 2995 Gentibtn
265 2946 380 3007 Argolicis
388 2945 446 2994 olim
456 2958 533 3019 sacer.

91 3084 123 3130 An
134 3080 265 3149 Bymntius
277 3075 368 3141 Κῆιιος
382 3081 415 3131 sit
428 3098 459 3132 es
474 3080 515 3131 his
531 3097 597 3149 quos
613 3078 721 3149 adeptus
732 3088 771 3129 est
789 3095 853 3130 arus

92 3169 257 3221 Demosthenis
274 3167 360 3236 Gylon
375 3167 531 3238 appellatus,
552 3167 653 3235 assequi
674 3182 726 3217 noo
745 3180 852 3233 possum

93 3270 117 3303 οι
128 3254 241 3306 Ξιοὶιίιιε
257 3255 306 3321 (C.
320 3255 390 3306 Ctes.
405 3257 419 3319 s
432 3270 476 3320 ¹71
489 3256 500 3321 )
513 3253 631 3305 tradente
642 3252 770 3321 Gylonem
789 3250 853 3319 ligu-

93 3337 134 3388 hnn
154 3340 160 3406 ί
169 3338 227 3390 deb.
240 3340 432 3391 Ceramiensem
444 3338 464 3408 ),
481 3356 557 3391 avum
578 3336 776 3398 Demosthenis,
793 3353 852 3387 cum

93 3423 192 3475 hostibus
203 3422 361 3494 prodidisset
370 3422 541 3493 Nymphaeum
552 3424 700 3484 Ponticum,
712 3418 784 3490 qnod
798 3430 852 3471 tum

92 3510 275 3562 Atheniensium
299 3520 371 3573 erat,
395 3511 486 3561 mortis
501 3508 704 3561 condemnatum
723 3506 756 3559 ab
774 3504 853 3559 Athe·

121 3694 159 3741 Fr.
177 3692 217 3742 ti.
240 3688 442 3761 Ἆψαιιιιῖον...
459 3686 701 3760 Ἆψάοιοςμιιῖι.
717 3686 854 3755 ι41οςίιιιι

94 3769 220 3839 Apuosion.
230 3770 294 3821 Haec
304 3777 427 3839 corrupta
435 3787 490 3821 esse
499 3778 567 3821 reete
580 3764 671 3838 procul
679 3764 762 3818 dubio
768 3776 854 3819 censet

94 3846 188 3915 Gpllius,
201 3846 245 3899 sed
256 3847 328 3917 qnod
341 3850 431 3899 iovem
447 3845 599 3915 Ἆπεψάντιον
614 3844 792 3914 reponendum
800 3860 854 3895 esse

96 3934 165 3990 putat,
183 3925 209 3975 id
223 3944 255 3977 ex
270 3926 397 3978 Pausania
415 3934 440 3977 et
456 3924 588 3994 Stephano
606 3940 658 3975 non
675 3924 852 3991 comequitur.

96 4004 199 4071 Stephani
214 4005 307 4067 verba,
325 4022 383 4073 quae
400 4004 470 4055 hand
485 4012 553 4055 reete
565 4002 664 4071 Gyllius
675 4000 803 4063 reddidit,
820 4002 854 4053 ita

96 4078 189 4134 latent:
205 4082 313 4147 Ἀπέσας,
325 4084 380 4152 ὄρος
394 4088 436 4147 τῆς
449 4084 556 4153 Νεμέας,
571 4082 603 4142 ὡς
613 4082 730 4149 Πίνδαρος
739 4080 780 4132 usi
795 4080 856 4131 lat-

97 4156 183 4227 'ripam
199 4161 223 4215 ir
242 4163 327 4231 τρίτῃ,
344 4162 391 4214 ἀπὸ
414 4160 551 4231 'Apionsroe
572 4160 650 4231 lipsius
671 4159 855 4228 βασιλεύσαντος

99 4240 229 4308 titatium,
241 4242 258 4305 i,
271 4241 312 4292 διὰ
323 4238 366 4304 τὴν
380 4242 462 4309 ὄφεσιν
477 4246 524 4291 τῶν
541 4238 680 4309 ἁρμάτωνῆ
696 4242 738 4291 τοῦ
748 4238 852 4299 λέοντος·

100 4309 140 4365 tur
150 4317 191 4387 rip
204 4318 230 4371 ἐκ
248 4324 292 4383 τῆς
301 4319 410 4385 Σελήνης
419 4318 515 4389 ipsios.
529 4316 576 4387 Ἀφ’
592 4315 619 4369 οὗ
629 4316 685 4378 Ζεὺς
699 4315 854 4377 Ἀπισάντιος.

100 4396 237 4471 liziiipqoe
254 4402 282 4455 δὲ
295 4401 320 4455 ἐν
336 4404 387 4465 τοῖς
400 4400 532 4471 ἶάμὸοιςτδ
550 4400 643 4453 ἔθνιιιον
663 4399 757 4461 Ἀπέσας
770 4402 836 4471 φησί·

149 4523 251 4585 miro&
260 4522 352 4583 lipsius
362 4522 522 4583 stillationem
532 4519 582 4582 sip
596 4521 634 4569 Διί

149 4592 218 4640 lano
229 4594 326 4652 (ituro
336 4568 418 4651 endiis
428 4604 477 4640 eto.
491 4592 562 4640 llein.
573 4590 669 4653 litori<
678 4590 757 4646 innoc.

104 4690 136 4740 Cf·
154 4682 239 4747 Elium
250 4696 326 4745 his
342 4712 367 4747 r.
389 4703 415 4746 et
429 4692 560 4747 Plutarch
580 4694 620 4745 De
638 4694 701 4746 Bur.
716 4712 740 4745 c.
761 4696 786 4755 4.
805 4694 858 4745 Pro

107 4766 172 4833 Ars,
181 4772 251 4833 i··:o
264 4771 345 4823 codes
359 4776 382 4824 A
401 4772 479 4823 habet
495 4769 516 4822 'A
519 4771 605 4840 ρκάδιις
616 4770 717 4835 ἵππους,
730 4788 807 4841 quam
822 4770 858 4822 le·

105 4848 195 4901 itionem
207 4852 290 4903 versui
298 4850 455 4903 contrariam
465 4850 542 4902 elium
554 4849 653 4920 Gyiiius
662 4850 795 4921 expressit.
809 4850 857 4903 Ce-

106 4934 172 4978 teram
185 4930 262 4981 Arion
274 4940 312 4983 est
326 4941 403 4981 notus
415 4928 457 4981 ilie
475 4947 557 4999 equus
571 4948 585 4981 a
598 4930 701 4981 Tellure
713 4930 751 4981 vel
765 4930 859 4981 Cerere

106 5002 127 5051 in
143 5007 240 5059 Armdia
257 5006 355 5071 editus,
377 5008 422 5077 qui
440 5006 474 5059 ad
489 5006 670 5077 explicandum
690 5007 807 5061 Diont·sii
821 5006 858 5058 lo·

106 5098 154 5131 erim
173 5085 232 5136 nihil
252 5084 319 5137 iacit.
336 5090 433 5156 Apesas
446 5096 533 5138 autem
549 5089 647 5153 mons(
660 5084 722 5137 hod.
742 5062 858 5151 Phison),

108 5156 180 5227 inquo
192 5164 289 5233 iupiter
300 5166 456 5235 Apesaotius
469 5164 630 5226 colebatur,
624 5182 650 5215 m
661 5162 782 5233 Argolide
793 5172 858 5225 erat,

108 5234 158 5290 duni
174 5239 246 5293 rerha
268 5243 300 5295 at
318 5242 436 5295 Arctrdio
458 5242 616 5294 nonrinntunt
637 5240 751 5295 indicant
773 5242 859 5294 iocum

894 1831 1044 1884 uiolentiam
1062 1834 1203 1905 escipt'ens.
1226 1838 1314 1904 Hrrj'us
1330 1833 1503 1904 promontorii
1529 1833 1670 1886 eminentia

832 1967 836 1977 ,
891 1917 1006 1988 obrupto
1014 1917 1073 1970 uhi!
1088 1919 1115 1970 in
1124 1937 1209 1981 mnre,
1228 1931 1254 1972 et
1265 1919 1337 1970 Annd
1348 1919 1423 1978 firma
1429 1918 1548 1990 preterit
1560 1919 1671 1988 profun-

90 1966 117 2014 οὐ
129 1967 235 2019 Arcadio
246 1968 408 2020 nominatum
420 1968 446 2020 in
458 1967 504 2019 hoc
516 1967 570 2020 loco
580 1967 660 2019 sitnm
671 1978 718 2028 est,
736 1978 761 2019 et
772 1969 848 2039 ant·
891 2001 954 2054 dum
969 2021 1048 2056 mm·
1067 2008 1137 2056 Nam
1150 2005 1324 2075 mmm&
1337 2022 1403 2075 pm
1419 2004 1520 2066 insmm
1533 2004 1670 2056 “cll-onem

889 2097 973 2156 petroe
989 2086 1016 2138 in
1036 2089 1144 2139 multum
1158 2089 1315 2141 avulsionem
1331 2090 1485 2160 abrumpens
1496 2089 1592 2154 exigno
1609 2107 1670 2142 eon·

887 2171 1012 2242 jungitur
1028 2174 1183 2237 continenti,
1203 2173 1375 2227 dissolvente
1392 2187 1418 2226 et
1437 2193 1516 2245 quum
1539 2191 1601 2226 mor
1615 2175 1670 2228 rui·

893 2277 953 2310 num
970 2259 1079 2312 edituroe
1101 2261 1199 2314 similis
1216 2261 1302 2313 :unde
1320 2261 1469 2314 similitudo
1490 2272 1611 2333 aspectus
1630 2262 1671 2314 itti

894 2363 982 2397 nomen
990 2345 1078 2406 tedm-
1087 2365 1147 2398 nnnt
1159 2347 1364 2419 Meilnpncopsns
1375 2348 1533 2400 nominatur.

929 2434 968 2484 Es
984 2433 1034 2484 hae
1050 2434 1170 2501 Dionysii
1186 2431 1362 2504 descriptione
1382 2443 1408 2495 et
1430 2430 1525 2485 ordine
1544 2432 1669 2485 namndi

893 2519 954 2572 ahhr
965 2539 1022 2572 esse
1032 2539 1086 2572 noo
1098 2531 1184 2590 potest
1196 2522 1240 2572 hic
1250 2521 1323 2574 locus
1337 2539 1417 2591 quam
1430 2520 1463 2572 ad
1475 2520 1575 2573 radices
1586 2523 1671 2590 quinti

894 2605 979 2668 cottis,
995 2606 1040 2658 uhi
1056 2607 1134 2678 puolo
1146 2617 1206 2658 sote
1224 2606 1279 2658 dini
1301 2625 1372 2658 nunc
1392 2625 1447 2659 esse
1464 2607 1551 2659 locum
1569 2607 1671 2660 Phana-

895 2691 963 2742 rium
980 2702 1171 2761 nuncupatum.
1183 2694 1210 2744 Is
1220 2694 1267 2744 etsi
1285 2709 1365 2762 opere
1375 2693 1476 2744 excisus
1487 2702 1525 2743 est
1537 2689 1592 2760 jam
1610 2681 1673 2744 sote
1694 2711 1699 2720 ·

895 2787 934 2831 tot
948 2777 1047 2839 emula,
1062 2789 1149 2830 tamen
1168 2778 1235 2832 adeo
1253 2789 1346 2830 natura
1361 2777 1472 2848 rupibus
1488 2778 1628 2848 preruptis
1644 2787 1672 2828 et

895 2862 1071 2934 praecipitibus
1090 2862 1192 2927 existit,
1203 2873 1234 2915 at
1251 2861 1371 2915 nondum
1385 2864 1491 2932 penitus
1506 2863 1609 2912 excisus
1625 2863 1670 2926 sit,
1715 2851 1722 2862 ⁰

895 2950 959 3020 quin
969 2948 1036 3003 adeo
1050 2950 1145 3003 alieubi
1154 2949 1287 3021 praeiens,
1301 2961 1330 3002 ut
1341 2949 1377 3002 oh
1391 2948 1506 3001 directos
1519 2948 1599 3001 elisos
1610 2947 1672 3001 edi·

820 3052 831 3071 ·
896 3038 953 3089 licia
964 3054 1019 3087 noo
1032 3034 1138 3097 habnt,
1153 3046 1179 3087 et
1191 3038 1276 3105 siqua
1287 3051 1348 3107 pars
1363 3034 1457 3100 hahet,
1470 3052 1501 3087 es
1521 3037 1620 3088 usuris
1635 3038 1672 3088 si-

897 3124 967 3177 milis
977 3122 1122 3177 videantur.

1221 3244 1271 3305 rr.
1297 3252 1342 3302 ts.

932 3417 998 3469 inde
1010 3418 1151 3488 Dionysius
1173 3436 1179 3471 :
1197 3416 1373 3478 Bestiarum,
1394 3416 1502 3499 inquit⁸
1516 3415 1564 3486 qni
1586 3415 1674 3489 appel·

897 3504 968 3557 intur
989 3504 1210 3575 Melinpocopsos,
1231 3502 1283 3555 duo
1303 3502 1451 3565 locarunt,
1472 3502 1590 3555 omnibus
1611 3502 1676 3555 nnni

896 3684 1028 3736 cultumve
1054 3684 1099 3755 qui
1121 3701 1153 3734 es
1177 3680 1288 3736 Aroedia
1313 3682 1487 3751 repetebatur.
1519 3686 1608 3751 Quare
1624 3700 1675 3753 pro

901 3762 1008 3833 Ἇψάιιος
1027 3780 1111 3831 neque
1131 3758 1296 3823 Ἇπεοᾶντιος,
1311 3778 1395 3829 oeque
1414 3760 1502 3830 (quod
1515 3763 1542 3812 in
1561 3772 1674 3813 mentem

898 3843 987 3895 vestire
1007 3844 1114 3910 posset)
1142 3838 1243 3907 'Apiolae
1267 3854 1352 3907 neqtte
1376 3840 1471 3898 Διάσιος
1496 3837 1575 3889 fuisse
1599 3849 1673 3908 puto.

898 3920 1020 3973 Proxime
1032 3916 1066 3969 ad
1079 3916 1186 3969 traditas
1206 3917 1292 3969 literas
1303 3916 1408 3968 accedet
1423 3915 1544 3980 Ἀλᾶοιος,
1563 3932 1645 3986 quum
1659 3917 1676 3967 t
1694 3912 1703 3931 ⁹

897 3998 953 4067 etti
971 3998 1051 4049 literae
1064 3996 1091 4047 io
1112 3993 1256 4047 minuscula
1276 3996 1405 4065 scriptura
1421 3994 1496 4046 facile
1513 3994 1677 4046 confundan-

902 4085 955 4127 tur.
975 4072 1082 4133 Ἀλάσιος
1095 4090 1158 4125 vero
1170 4074 1285 4141 Byrsntii
1302 4071 1392 4123 donee
1410 4072 1525 4125 dixerint
1542 4088 1593 4140 pro
1610 4070 1678 4136 Ἀλή-

899 4172 959 4213 σιος.
975 4151 1076 4204 Scilicet
1089 4151 1193 4217 Argivis
1204 4151 1321 4219 Bymntii
1332 4150 1431 4201 colonis
1443 4148 1562 4201 oonsiuiii
1575 4166 1606 4199 ex
1617 4166 1679 4217 pro·

900 4230 969 4281 xima
979 4226 1094 4295 Argolidi
1105 4226 1224 4283 Arcadia
1232 4238 1304 4297 parte
1313 4228 1488 4281 Manuoeoses
1496 4226 1678 4294 seadjunnisse

900 4306 1036 4370 videntur,
1051 4322 1164 4375 quorum
1179 4323 1286 4357 amoenae
1300 4303 1446 4375 (ἐρατεινῇ)
1461 4305 1574 4375 planitiei
1595 4322 1678 4374 quum

900 4386 1049 4437 immineret
1063 4382 1162 4435 Alesios
1176 4402 1251 4435 mons
1266 4383 1395 4454 (Parnon.
1411 4388 1436 4448 8,
1455 4400 1496 4446 ιο,
1514 4386 1559 4451 1),
1572 4385 1678 4453 ipsaque

902 4464 1042 4555 planities
1036 4480 1063 4515 ιιι
1074 4463 1180 4515 oraculo
1195 4464 1287 4533 (Paos.
1303 4483 1329 4531 9,
1346 4466 1377 4527 4)
1393 4474 1499 4515 vocetur
1513 4461 1664 4528 Ἀλήσιον
1638 4485 1679 4517 ου-

902 4542 958 4604 ise,
974 4543 1095 4630 princeps
1107 4552 1193 4593 autem
1206 4543 1315 4595 civitatis
1328 4540 1392 4595 deus
1405 4541 1484 4594 luerit
1496 4543 1617 4612 iupiter·
1637 4544 1678 4595 ni-

901 4618 937 4677 tut
955 4618 1052 4669 mirum
1066 4628 1104 4669 ost
1119 4608 1231 4671 Arcades
1245 4618 1325 4671 illos
1318 4636 1345 4669 m
1363 4636 1466 4671 ammon
1483 4618 1566 4683 Kainon
1585 4637 1679 4691 campo

903 4697 983 4751 Alesii
996 4694 1115 4749 Arcadici
1131 4698 1282 4749 memoriam
1295 4713 1440 4749 renovasse.

940 4794 963 4829 1.
985 4776 1078 4841 Κήπιμιι
1068 4776 1165 4845 ,]Κῐ,π
1158 4795 1189 4829 οι
1207 4775 1430 4847 elijphtettm,
1445 4792 1559 4847 quorum
1577 4776 1678 4831 AEscbi·

903 4872 947 4907 nes
970 4852 1101 4917 meminit,
1122 4852 1155 4905 ad
1177 4856 1322 4923 Bosporum
1343 4852 1514 4907 Cimmerium
1533 4855 1676 4925 pertinent.

903 4934 942 4985 De
960 4930 1069 5001 Cepis'
1050 4948 1104 4981 sne
1117 4930 1188 5002 Ccpo
1200 4929 1259 4983 ride
1273 4948 1330 5000 qua·
1344 4928 1446 4984 laudavi
1460 4929 1493 4982 ad
1509 4929 1619 4999 Sesiacis
1632 4950 1678 5001 pe·

902 5007 961 5079 ripi.
986 5018 1005 5059 t.
1021 5008 1049 5070 Ι,
1065 5025 1090 5079 p.
1103 5009 1152 5077 59,
1164 5008 1208 5062 uhi
1221 5006 1289 5061 adde
1301 5009 1459 5079 Procopium
1471 5010 1498 5061 io
1509 5008 1581 5061 Bello
1595 5010 1677 5065 Goth.

903 5091 934 5149 4,
948 5086 999 5156 sp.
1016 5047 1120 5147 iiiord.
1133 5086 1218 5139 Boon.

939 5166 985 5217 Fr.
1006 5166 1047 5226 ι4.
1064 5163 1205 5235 Apsosion.
1213 5166 1224 5235 ]
1241 5164 1302 5234 leg.
1323 5162 1427 5217 videtur
1440 5164 1603 5237 Apsosieon,
1627 5165 1677 5220 oiai

906 5242 1047 5299 Diuossius
1059 5240 1149 5295 dixit:
1143 5246 1328 5295 nostrornm
1342 5243 1484 5314 Apsusion
