3884 5925
283 469 322 518 ιι
849 425 853 431 ’
901 461 1075 522 uronvsu
1097 463 1279 523 uvzauru

278 588 319 640 uit
333 588 482 640 Antoninus
494 589 557 640 Pius
567 589 593 640 in
607 605 656 641 suo
666 589 766 641 itinere.
804 590 845 641 Sic
858 590 929 640 enim
945 591 1031 658 iuquit
1052 609 1058 641 ι
1104 607 1164 642 cum
1182 601 1274 649 narrat
1297 591 1447 644 belisarium
1463 609 1587 661 magnum
1607 593 1769 645 exercituum
1790 595 1874 650 durem

280 673 306 722 A
322 671 544 742 Consloulinopoli
553 670 590 722 nd
602 670 784 723 Chalcedonam
796 672 921 740 trajectus
936 669 962 722 ιἰι
973 671 1059 736 Bithy·
1104 676 1245 745 lastiniani
1268 676 1431 747 temporibus
1445 677 1586 741 exstitisse,
1605 694 1737 748 eumque,
1748 691 1873 752 postquam

236 741 240 746 .
279 755 351 810 nium
367 757 399 809 M
401 794 407 807 .
419 759 451 808 P.
465 759 534 808 1111
541 779 551 818 ,·
562 775 579 807 a
594 757 761 810 Chalcedonio
771 775 850 826 nsque
858 756 894 808 nd
902 757 1059 810 Panticlz'cu
1105 779 1137 812 es
1151 762 1259 832 triplicis
1272 763 1344 815 orbis
1356 773 1429 833 parte
1442 764 1563 816 victorias
1577 767 1775 834 reportavisset,
1788 769 1874 822 invidia

281 843 317 894 11.
329 843 361 892 Ρ.
372 843 433 894 XV.
470 842 566 892 Utrum
579 859 611 892 ex
622 841 662 893 his
670 840 774 893 duobus
788 842 929 894 Pantichiis
940 843 974 894 sit
982 842 1057 918 illud,
1104 857 1262 899 excecatum
1277 847 1370 911 luisse,
1394 848 1572 918 poculumque
1585 849 1700 917 ligneum
1715 860 1837 905 tenentem
1852 855 1874 908 in

279 925 380 995 dequo
394 927 554 978 sozomenus
572 929 608 978 ita
622 927 728 979 scribit?
750 949 760 974 ι
777 928 825 990 Hi,
839 929 912 997 quia
931 945 992 996 rege
1004 930 1058 980 Vo-
1105 932 1164 984 l'oro
1176 934 1325 987 clamavisse
1338 935 1407 1006 apud
1421 935 1562 987 miliarium
1577 954 1688 989 aureum
1704 956 1711 990 :
1737 963 1748 983 ·
1764 939 1875 994 Belisario

278 1012 346 1065 lente
351 1011 417 1081 jussi
430 1017 503 1065 erunt
511 1015 621 1065 loannis
631 1015 753 1084 Baptistae
761 1025 839 1085 caput
850 1014 918 1066 ferre
927 1032 958 1066 ex
969 1015 1059 1068 Cilicia
1103 1017 1211 1070 obolum
1225 1018 1285 1071 date
1297 1022 1427 1072 exercitus
1443 1020 1504 1072 duci
1522 1037 1529 1072 :
1550 1038 1629 1090 quem
1643 1020 1749 1074 fortuna
1761 1023 1874 1078 illustrem

277 1098 546 1167 Constantinopolim,
557 1115 618 1150 cum
640 1099 673 1151 ad
692 1099 857 1151 Pantichium
872 1100 1001 1152 venissent
1021 1099 1060 1152 lo-
1104 1102 1178 1170 feeit,
1193 1104 1291 1157 invidia
1302 1108 1449 1159 excecavit.
1464 1128 1477 1153 ι
1492 1108 1638 1177 Procopius
1650 1107 1758 1176 quidem
1771 1111 1796 1160 in
1815 1111 1875 1163 libro

277 1197 337 1232 cum
347 1179 529 1245 Chalcedonis,
540 1200 593 1235 nou
605 1183 712 1235 ulterius
721 1183 843 1254 progredi
852 1195 988 1254 poteraut:
999 1209 1011 1230 ι
1025 1203 1058 1237 ex
1104 1201 1257 1261 nuncupato
1270 1185 1335 1262 Περὶ
1343 1189 1394 1241 τῶν
1403 1185 1547 1242 ἀνικδότων
1555 1185 1577 1255 ³,
1591 1209 1672 1261 quem
1683 1194 1785 1262 scripsit
1794 1207 1875 1249 contra

277 1265 373 1334 quibus
386 1267 529 1338 percipitur
542 1266 570 1319 id
585 1269 748 1321 Pantichinm
762 1286 817 1321 esse
825 1268 903 1343 juxta
919 1272 1058 1340 Proponti-
1103 1281 1119 1331 J
1121 1278 1281 1332 lastinianum
1296 1297 1384 1348 regem
1396 1279 1598 1331 etTheodoram
1608 1279 1726 1347 reginam
1744 1290 1875 1351 contraque

277 1351 353 1416 dem,
370 1352 441 1422 quod
455 1355 489 1406 sit
509 1354 650 1406 hocsilum
664 1356 691 1407 in
706 1357 866 1420 lineorum,
882 1357 1058 1425 quiaCiiicii
1104 1366 1266 1419 Antoninum
1285 1383 1397 1418 uxorem
1421 1365 1551 1429 Belisarii,
1565 1375 1671 1426 narrat,
1687 1376 1718 1417 ut
1736 1366 1874 1420 Belisarium

277 1440 387 1491 veniunt
400 1439 662 1511 Constantinopolim.
701 1443 844 1512 Procopius
857 1442 947 1495 scribit
961 1443 1057 1518 Belisa·
1102 1451 1242 1504 Theodora
1255 1452 1388 1522 spoliasset
1404 1451 1536 1523 permulto
1545 1469 1628 1516 auro,
1643 1451 1818 1506 dissimulante
1828 1459 1875 1506 An.

277 1526 346 1577 rium
375 1525 518 1596 possedisse
549 1527 661 1580 fundum
695 1529 721 1580 in
746 1529 882 1584 Putllichio
906 1530 1058 1583 suburbano
1104 1539 1210 1602 tonina,
1226 1557 1306 1609 quam
1319 1533 1457 1591 Belisarius
1468 1537 1559 1591 oderat
1571 1539 1606 1592 oh
1620 1540 1799 1610 pervulgatum
1812 1542 1875 1594 adul·

276 1610 474 1682 Byzantiorum.
516 1611 546 1662 ld
565 1629 598 1664 an
617 1611 725 1664 alterum
747 1631 779 1664 cx
794 1623 905 1683 utroque
919 1615 1057 1684 praedicto·
1102 1625 1215 1688 terium
1239 1623 1385 1693 professum
1412 1635 1503 1694 postea
1530 1641 1558 1676 se
1590 1625 1652 1676 low
1672 1627 1806 1678 dnlouinae
1827 1645 1873 1679 nou

277 1713 352 1760 rum;
367 1708 404 1762 et,
416 1699 437 1749 si
449 1697 575 1762 alterum,
589 1709 677 1750 utrum
689 1717 720 1750 ex
734 1698 790 1750 his?
800 1699 915 1752 Alleram
929 1700 987 1765 illa,
999 1719 1058 1770 quae
1104 1708 1207 1772 virum,
1222 1709 1268 1761 scd
1287 1711 1460 1780 mancipium,
1476 1710 1572 1762 iterum
1594 1711 1622 1762 iu
1640 1711 1740 1763 ltaliam
1758 1714 1874 1764 exncitus

277 1801 310 1836 ex
323 1781 390 1835 libro
407 1785 484 1836 tertio
504 1786 543 1850 (c.
561 1784 612 1850 35)
625 1786 746 1854 Procopii
767 1784 800 1837 de
819 1785 887 1839 bello
906 1786 1057 1838 Gothorum
1103 1795 1198 1849 ducem
1214 1799 1336 1860 missum,
1346 1815 1402 1850 sese
1416 1798 1511 1849 iterum
1524 1800 1645 1868 pecuniis
1654 1798 1792 1868 explevisse
1801 1812 1825 1853 et
1838 1817 1874 1872 pc-

278 1877 378 1919 vertere
392 1869 481 1924 omisit
499 1869 645 1940 interpres,
662 1889 723 1922 curn
742 1871 775 1924 ad
789 1873 963 1941 cognitionem
987 1871 1058 1925 loco·
1103 1874 1271 1952 λοχρήματον
1290 1882 1407 1935 habitum
1426 1882 1520 1948 fuisse;
1545 1883 1607 1936 inde
1636 1885 1704 1938 bene
1720 1899 1872 1940 nummatum

278 1968 356 2016 rum,
372 1962 429 2005 tum
444 1955 556 2006 maxime
569 1953 603 2006 ad
621 1955 829 2024 cognoscendam
844 1959 988 2010 necessaria
1006 1957 1058 2010 icr-
1103 1968 1210 2020 rediisse
1229 1970 1396 2039 Quartum,
1417 1969 1480 2032 ubi,
1497 1979 1528 2022 ua
1550 1981 1610 2022 ante
1632 1972 1806 2037 narravimus,
1823 1975 1874 2026 1211.

278 2046 369 2089 tunam
393 2037 525 2102 Belisarii,
556 2057 636 2110 quam
662 2042 769 2094 Tzetzes
800 2043 930 2110 ignorasse
954 2039 1059 2093 videtur
1104 2070 1186 2122 quum
1200 2055 1258 2106 νίκῃ
1274 2054 1348 2107 vixit.
1385 2053 1453 2106 Illud
1472 2055 1587 2107 Belisarii
1600 2054 1731 2126 predium
1747 2057 1871 2127 fuissepo·

233 2171 239 2182 .
277 2132 381 2174 Secutus
398 2126 550 2194 opinionem
564 2125 643 2196 vulgi·
659 2128 702 2180 Sic
715 2129 786 2181 enim
802 2128 1056 2198 scribill'fflfflpilss·
1104 2139 1156 2191 tius
1167 2139 1195 2190 in
1204 2139 1341 2192 Panticbio
1352 2141 1511 2209 Propontico
1525 2157 1604 2209 quam
1614 2143 1761 2211 Bosporion
1773 2142 1873 2212 conjicio

234 2281 242 2296 ι
281 2230 292 2252 ι
308 2208 375 2260 Cum
395 2209 560 2264 Belisariusa
575 2214 724 2267 lustinlano
743 2224 879 2268 revocatus
897 2224 980 2279 esset,
997 2214 1059 2266 sub·
1103 2241 1201 2287 exeo,
1227 2222 1300 2293 quod
1321 2225 1509 2293 Pmponticum
1524 2225 1551 2277 in
1572 2243 1638 2293 agro
1662 2243 1764 2278 ammno
1780 2230 1872 2281 arvini

277 2286 368 2347 stitdto
384 2297 492 2350 Narsete
504 2299 626 2351 eunucho
648 2300 726 2353 rediit
746 2302 917 2371 Byzantium,
932 2300 978 2353 ubi
998 2301 1057 2353 reli·
1104 2311 1182 2364 semei
1204 2322 1230 2364 et
1253 2323 1400 2365 maes-arum
1420 2330 1511 2365 mmm
1532 2332 1539 2366 :
1563 2324 1591 2366 aa
1613 2315 1785 2383 Bosporicum
1798 2326 1834 2368 ass
1848 2318 1872 2368 in

277 2397 360 2449 quum
375 2383 433 2434 vitae
444 2385 510 2452 egit,
520 2403 614 2454 magua
626 2385 778 2440 divitiarum
792 2387 912 2441 facultate
921 2387 1056 2458 pradinas,
1103 2397 1190 2452 littore
1202 2399 1356 2468 confragoso
1368 2410 1552 2470 praeruptaque
1560 2410 1587 2453 et
1597 2400 1676 2468 longe
1687 2402 1872 2456 minusamoeao

277 2465 318 2517 vir
330 2477 459 2536 spectatus
472 2478 497 2520 et
514 2470 640 2523 mirabilis
654 2471 689 2524 ob
700 2471 826 2525 secundas
838 2482 1059 2540 anlearesgestas
1103 2493 1130 2535 et
1151 2483 1245 2536 vinetia
1264 2484 1363 2554 inepto,
1400 2485 1470 2537 Tum
1496 2485 1616 2538 nonnihil
1645 2484 1800 2555 conjecture
1816 2487 1871 2539 illud

276 2549 465 2617 etlelioitates,
478 2570 542 2624 quas
556 2555 604 2625 ipsi
617 2595 623 2618 ,
638 2557 790 2627 priusquam
805 2558 832 2609 in
848 2557 957 2627 Libyam
967 2556 1058 2609 duxis-
1103 2567 1196 2634 affers,
1228 2569 1301 2639 quod
1328 2589 1381 2623 ⁰0„
1409 2571 1486 2640 longe
1511 2589 1527 2624 ῃ
1557 2571 1697 2624 pannonio
1723 2574 1869 2644 Pmponyiffl

276 2647 316 2690 set
329 2639 489 2705 exercittun,
502 2641 578 2710 signo
598 2661 652 2694 nou
666 2643 779 2697 olnouro
794 2643 953 2695 daemonium
971 2645 1059 2714 praesi-
1103 2655 1174 2708 aliud
1186 2656 1315 2727 prndium
1327 2658 1466 2710 gelisarius
1483 2657 1590 2710 habaet
1610 2671 1792 2729 nuncupatum
1809 2662 1871 2712 Rufi.

189 2723 192 2730 '
275 2721 451 2804 gnificaverat.
489 2726 598 2794 signum
611 2725 660 2780 luit
672 2726 833 2798 hujusmodi.
854 2728 1058 2799 Belisariopre·
1104 2742 1210 2805 nima,
1223 2742 1295 2811 φα]
1310 2742 1388 2796 suis„
1404 2743 1537 2796 finium
1548 2742 1771 2813 proficimfium
1783 2747 1871 2816 aym.

167 2866 172 2872 ¹
276 2807 351 2862 dium
361 2808 494 2879 quoddam
502 2821 558 2864 erat
570 2813 596 2863 in
610 2813 794 2883 Byzantiorum
808 2812 1058 2883 suburbano,quod
1104 2827 1141 2878 150
1157 2827 1337 2880 Nicomediam
1349 2827 1443 2897 eclhqo
1453 2845 1486 2880 ex
1499 2829 1629 2900 Procopio
1636 2847 1720 2892 ,cum
1731 2831 1872 2884 aitdntooi·

276 2894 441 2948 Pautichium
452 2897 613 2949 nominatur.
651 2897 735 2950 Situm
744 2900 815 2950 enim
825 2900 897 2950 estin
907 2898 1057 2950 Continenti
1104 2927 1164 2966 nam
1187 2914 1303 2967 &usarii
1318 2931 1429 2968 „mmm
1450 2914 1660 2985 proficiscentem
1681 2914 1717 2969 ,(1
1734 2916 1871 2971 mimum

276 2980 425 3049 Byzantinis
439 2983 622 3035 transmarina.
660 2983 740 3034 Paulo
760 2994 898 3053 antequam
914 2986 1057 3036 exercitum
1103 2999 1168 3054 hely,
1198 3008 1289 3054 coum
1318 3004 1409 3055 pem,
1442 2982 1574 3071 gemmam
1606 3001 1714 3055 „tvm
1744 3006 1868 3074 Βμῃιῑο,

275 3064 572 3136 Belisariusinbibyam
586 3065 693 3120 duceret
706 3078 797 3120 contm
810 3068 984 3135 Gelimerem,
1000 3087 1059 3121 eve·
1104 3088 1317 3158 mausyommque
1331 3090 1444 3159 mimam
1464 3089 1553 3141 fecis„
1573 3090 1600 3141 y„
1618 3090 1785 3153 subufflm,
1807 3092 1870 3160 quod

275 3150 325 3215 uit,
334 3160 364 3202 ut
371 3151 435 3203 vites
446 3151 498 3203 illic
504 3152 621 3205 ubertate
629 3170 739 3206 uvarum
751 3153 929 3207 redundarent
939 3174 947 3218 ;
958 3172 1059 3208 earum·
1102 3171 1275 3241 „ppeyymyur
1282 3175 1435 3237 Rufinyflnae,
1445 3173 1662 3244 idquepfflfium
1673 3174 1751 3228 susm
1756 3175 1868 3231 ffljfflip

276 3250 329 3303 que
349 3236 411 3288 vino
423 3234 494 3288 dolia
510 3236 623 3301 ministri
645 3237 761 3290 Bolisarii
780 3255 840 3291 cum
864 3238 1055 3308 implevissent,
1102 3258 1254 3311 pufluqm
1263 3259 1403 3330 ,liquando
1414 3260 1552 3330 appeyym,
1565 3260 1644 3313 fuisse
1657 3264 1741 3333 Dryq„
1754 3254 1762 3327 (
1773 3259 1868 3333 Apmy

275 3338 358 3389 “que
386 3322 413 3373 5¹¹
440 3321 503 3374 ⁰⁰¹¹&
526 3324 625 3377 linari*
648 3325 825 3395 reP⁰⁵¹¹i⁵⁵e¹¹t
846 3334 873 3377 ²⁸
897 3323 1058 3378 d0f⁰di⁵⁵0⁰²
1103 3343 1182 3396 tradit
1195 3326 1303 3397 historia
1323 3347 1415 3398 incerti
1430 3345 1536 3416 quidem
1557 3350 1687 3412 auctoris,
1703 3347 1749 3400 sed
1769 3351 1870 3419 antiquis

274 3404 366 3457 1115181·
378 3414 484 3469 ῑθῃιῐιιυι
496 3405 685 3479 ἀίΗΕθῦῑθΨθ
697 3409 786 3478 “glun
797 3409 1057 3473 ⁰b⁵⁸ffi¹i⁸⁵⁰⁰tvm
1102 3429 1182 3481 literis
1192 3432 1329 3501 exscripta.
1367 3433 1468 3486 Verum
1477 3431 1598 3485 rsdeoad
1608 3434 1728 3506 Dionysii
1742 3435 1869 3505 Anaplnm,

275 3492 342 3543 mira
357 3491 462 3547 accidit.
500 3496 562 3546 Post
572 3495 642 3546 enim
654 3505 714 3547 octo
725 3512 827 3547 menses
840 3497 931 3547 vinum
941 3496 967 3547 in
981 3494 1058 3547 doliis
1104 3516 1173 3569 „nde
1185 3516 1316 3585 digmus
1329 3536 1398 3571 sum,

276 3575 434 3644 quibusdam
447 3575 590 3642 ebulliens,
605 3572 721 3647 argillam
741 3581 860 3650 perrupit
875 3590 902 3632 et
920 3578 1055 3644 distraxit,

275 3679 327 3731 qua
341 3661 410 3715 dolia
424 3663 556 3717 obstructa
577 3675 666 3729 erant,
681 3676 707 3717 et
727 3666 889 3736 superfluens
910 3666 977 3718 adeo
993 3667 1058 3719 mul·
1102 3670 1105 3675 '

275 3756 333 3799 tum
350 3746 465 3811 effluxit,
488 3758 514 3800 et
535 3758 632 3801 terram
654 3750 765 3803 vicinum
785 3748 882 3802 diluvia
906 3751 1012 3817 obruit,
1028 3763 1058 3804 ut
1131 3748 1321 3815 Pmiticlium,
1339 3754 1441 3821 inquit,
1463 3752 1543 3805 cteta
1558 3753 1759 3823 subsequuntur,
1769 3772 1869 3823 quanin

274 3830 359 3883 lacum
374 3849 496 3901 maguum
511 3833 538 3887 in
553 3832 622 3886 cellae
640 3835 696 3888 solo
710 3835 839 3899 effecerit,
849 3852 928 3904 quem
942 3836 1056 3887 ministri
1101 3834 1189 3885 alterae
1201 3835 1340 3887 vronzinatoe
1356 3855 1374 3888 n
1382 3838 1486 3906 figure,
1501 3838 1590 3889 attere
1607 3836 1641 3888 nb
1659 3838 1725 3891 altu
1745 3838 1815 3889 rehtu
1829 3856 1870 3907 ap·

273 3917 406 3982 Belisarii,
422 3928 453 3972 ut
471 3918 609 3983 viderunt,
631 3921 704 3975 valde
728 3922 864 3985 admirati,
884 3921 979 3973 multas
1001 3940 1057 3974 am·
1099 3920 1242 3987 pelluntur.

274 4005 369 4075 phoras
384 4022 417 4057 ex
440 4007 502 4059 vino
519 4006 604 4060 effuso
627 4009 814 4078 impleverunt,
835 4011 982 4078 iterumque
995 4026 1056 4063 cum
1137 4008 1208 4059 Inter
1222 4007 1387 4062 Pantichium
1400 4019 1426 4060 et
1439 4010 1541 4061 Fanum
1551 4009 1637 4069 lovis,
1653 4007 1725 4077 quod
1740 4007 1868 4076 Dionysius

259 4089 316 4142 ‘illa
330 4090 399 4144 dolia
412 4092 603 4146 obstruidssent
619 4092 724 4163 argilla,
744 4112 816 4159 rem,
838 4112 897 4163 qua
910 4092 1054 4158 acciderat,
1101 4101 1160 4159 post
1173 4092 1264 4144 Chelas
1286 4094 1376 4163 ponit,
1397 4093 1474 4145 nullae
1489 4110 1561 4145 nunc
1577 4103 1639 4145 suut
1661 4093 1754 4156 chelae,
1774 4092 1821 4143 hoo
1835 4100 1869 4141 est

273 4176 361 4245 primo
372 4176 510 4231 siluerunt.
548 4178 650 4231 Deinde
668 4179 717 4236 sub
729 4178 798 4231 idem
813 4190 988 4249 tempuscum
1006 4178 1057 4231 boc
1101 4174 1190 4236 scalae,
1205 4177 1393 4246 nequemoles,
1409 4196 1494 4247 neque
1509 4178 1556 4230 viae
1568 4176 1869 4246 frequentes,sedangu·

274 4278 342 4333 saepe
358 4261 455 4315 sactum
473 4263 731 4329 animadvertissent,
746 4263 779 4317 ad
793 4281 966 4334 possessorem
980 4262 1055 4315 fundi
1101 4272 1147 4314 stre
1159 4264 1256 4315 semitae
1275 4264 1311 4317 ob
1332 4264 1526 4335 impendentem
1546 4256 1662 4315 montem
1683 4263 1826 4346 excelsum,
1840 4278 1867 4310 es

273 4345 436 4411 retulerunt3
453 4348 475 4399 is
494 4350 643 4401 necessariis
665 4350 770 4413 multis,
792 4366 859 4418 quos
872 4349 1054 4411 accersiverat,
1101 4365 1155 4417 quo
1162 4348 1336 4402 descendendi
1347 4350 1450 4402 inlittus
1460 4349 1530 4401 nulla
1539 4366 1616 4401 eausa
1623 4348 1796 4409 videtur,cum
1807 4347 1867 4398 illins

273 4435 429 4487 monstravit
451 4452 497 4499 ea,
519 4452 577 4504 quae
599 4435 762 4488 accidissent.
800 4436 839 4487 Illi
861 4454 893 4488 ex
915 4435 959 4488 illo
981 4438 1056 4505 signo
1100 4434 1199 4487 radices
1214 4454 1287 4488 oram
1301 4439 1458 4489 maritimam
1481 4436 1618 4503 attingant.
1655 4438 1691 4487 At
1712 4434 1800 4485 Chelas
1812 4431 1867 4482 olim

274 4517 451 4588 conjecturam
475 4520 615 4585 ducentas,
639 4521 817 4592 predixerunt
835 4538 927 4590 magna
941 4523 968 4573 in
988 4522 1056 4575 banc
1101 4520 1179 4573 luisse
1191 4533 1304 4593 putetex
1323 4525 1464 4592 Dionysio,
1482 4538 1546 4591 quas
1565 4538 1618 4572 non
1630 4520 1665 4572 ob
1685 4520 1759 4572 allam
1773 4535 1867 4570 cauum

274 4603 383 4656 domum
398 4605 589 4660 bonaventura
603 4626 667 4663 esse.
683 4634 694 4654 ι
734 4610 773 4660 Ex
794 4610 889 4679 quibus
900 4610 1056 4680 perspicitur
1100 4607 1136 4658 ihi
1148 4606 1225 4658 luisse
1239 4609 1362 4677 suspicari
1377 4625 1463 4677 queo,
1479 4623 1557 4676 quam
1579 4605 1614 4658 ob
1626 4603 1715 4657 lanum
1727 4605 1867 4675 proximum

275 4689 368 4743 salsum
382 4710 449 4756 esse,
473 4704 499 4746 et
513 4693 642 4764 plane.de
663 4694 717 4749 soce
730 4695 813 4767 plebis
827 4696 966 4760 haustum,
981 4694 1054 4766 quod
1101 4693 1140 4746 vel
1156 4696 1228 4746 lovis
1247 4694 1285 4746 vel
1299 4695 1432 4765 Neptuni,
1449 4694 1489 4744 vel
1503 4693 1538 4745 ob
1553 4692 1664 4745 aliorum
1680 4691 1787 4743 deorum
1801 4706 1865 4745 aran.

274 4776 395 4838 Tnetzes,
411 4768 524 4830 nobilior
538 4782 721 4848 grammaticus
735 4798 814 4851 quam
832 4782 927 4832 certior
949 4780 1054 4832 histori-
1100 4798 1164 4849 quas
1183 4797 1266 4851 prope
1279 4778 1341 4832 olim
1355 4798 1370 4831 a
1383 4778 1488 4849 Phryxo
1506 4778 1630 4830 excitatos
1641 4776 1720 4829 fuisse
1736 4774 1867 4828 duodecim
1919 4824 1922 4828 .

1432 3618 1482 3677 Fr.
1506 3627 1555 3676 57.

177 4895 180 4901 -
274 4861 1054 4937 οιιε,1ιιιυιιιιιοῑυίἰῑιιιίιιαι,1ιίεῑοιὶιιιι((11ιί1.3,1.399),
1100 4864 1229 4918 iidsiusra
1242 4863 1418 4918 ostendemus.
1459 4880 1467 4885 ·

311 5060 337 5114 3.
356 5062 392 5113 V.
405 5063 517 5132 Procop.
537 5065 632 5117 Arcen.
657 5064 713 5128 c,3
732 5083 760 5137 p.
784 5070 817 5130 46
835 5067 878 5120 ed.
903 5068 1051 5131 Isambert.;
1098 5067 1193 5135 angulo
1206 5068 1293 5127 sinus,
1314 5082 1392 5135 quem
1404 5062 1521 5115 efficiunt
1534 5063 1673 5115 Coracium
1690 5072 1717 5115 et
1735 5060 1865 5128 ranipro·

245 5172 249 5181 ·
273 5138 378 5196 Tzetzes
392 5138 460 5193 Chil.
475 5140 501 5204 3,
518 5140 577 5195 hist.
594 5144 637 5198 88.
1099 5146 1237 5200 monteria.
1254 5145 1338 5197 Miror
1351 5144 1402 5195 boc
1416 5142 1509 5211 fugisse
1522 5142 1646 5212 Gyllium.

310 5220 355 5273 Fr.
381 5217 423 5287 ⁵7·
454 5218 548 5289 clete]
568 5222 644 5273 Nunc
665 5219 777 5274 niceten·
802 5222 884 5275 limem
907 5226 934 5275 iu
959 5225 1052 5276 intimo
