3884 5925
708 518 716 531 .
772 471 837 529 ΕΙΣ
857 468 1074 528 ΔΙΟΝΥΣΙΟΝ.
1642 474 1698 525 457

35 620 42 631 ·
109 602 280 674 ῆλλόσσοντο.
296 598 434 669 Ληνάων
445 598 473 656 δί
487 598 538 655 τῶν
552 598 674 677 Βάκχων·
690 600 798 673 μαλλοῖς
809 596 885 674 ἐρίων
933 595 1117 676 ίπποδρομίου.
1168 598 1285 655 Τοιαῦτα
1298 593 1325 653 δδ
1337 593 1403 653 ίπτδ
1416 593 1474 672 [καί
1493 589 1587 674 ῆμισυ]
1603 598 1703 652 ποιοῦσι

109 688 246 767 δστέφοντο
259 685 284 744 οί
303 686 371 763 ίτρδν
384 686 475 763 στέφος
487 675 594 754 ἦσανῆ
607 683 659 741 άπὸ
672 686 724 740 τῶν
737 687 822 752 ληνῶν
835 686 887 740 τῶν
933 683 1017 758 μίλιον
1032 681 1069 741 έν.

110 778 187 853 ἱερῶν
199 775 283 832 ὠαῦν
293 776 331 853 τῷ
342 771 459 849 Διονύσῳ
467 770 513 828 διδ
528 769 637 841 τὴντῶν
652 770 790 848 σταφύλων
813 772 888 849 εύρι·
968 766 1035 828 Ὀτι
1048 768 1086 826 κε’
1096 766 1228 847 μυριάδων
1242 766 1295 847 [καὶ
1304 763 1467 845 δισχιλίωνί]
1480 764 1590 825 σταδίων
1604 764 1673 824 ἐστίν
1686 768 1703 835 ἡ

111 860 183 918 σίαν·
194 858 246 919 α’πδ
255 864 300 917 τοῦ
311 860 390 928 ληνοῦ
404 858 552 928 δίΛηναῖος
561 856 787 935 προσαγορεύεται·
795 859 887 913 έλινοῖο
932 856 1084 932 περιήγηαις
1098 858 1144 924 τῆς
1154 858 1216 929 γῆς,
1229 858 1264 920 ὡς
1277 858 1314 933 τῷ
1331 850 1511 932 Ἐρατοσθένει
1526 852 1605 911 δοκεῖ.

81 962 97 1001 ι
111 945 318 1019 δδτῆςόμπέλου
327 946 373 1013 τῆς
381 939 635 1018 πολυκάμπου·ῆόει
642 941 750 1000 ίκαστον
760 941 888 1021 τίν’έντῷ
969 940 1033 1001 Ὅτι
1047 943 1061 998 δ
1074 940 1187 1007 ώκεανδς
1204 942 1239 1007 είς
1258 940 1373 1019 τέσσαρα
1388 940 1488 1015 πελάγη
1512 939 1657 1017 μερίζεται·
1671 942 1733 1005 είςς

111 1031 256 1100 ζώννυσθαι
271 1030 349 1095 αύτδις
362 1026 379 1099 ῆ
395 1028 434 1086 ότι
446 1029 477 1086 τό
490 1034 604 1087 τοιοῦτον
618 1029 673 1085 έστί
686 1026 761 1106 φύσει
772 1028 862 1105 φυτόν.
931 1029 961 1087 τό
975 1027 1151 1098 Ἀτλαντικὸν,
1164 1028 1272 1106 Κρόνιον
1285 1028 1315 1087 τδ
1333 1028 1377 1086 καί
1390 1029 1489 1107 νεκρόν,
1501 1026 1608 1087 ’ίνδικδν
1621 1028 1706 1104 Ἐρυ-

153 1136 216 1175 ιισσ.
238 1115 380 1191 Ἰσμηνοῖο]
388 1114 509 1190 Ἰσμηνός
516 1115 633 1189 ποταμὸς
643 1114 769 1179 Βοιωτίας
778 1116 804 1171 ἐν
814 1114 889 1171 πόλει
932 1116 1019 1196 θραῑόν
1033 1137 1062 1172 τε
1078 1114 1095 1183 ἢ
1112 1113 1273 1173 Αίθιοπικόν.

111 1201 221 1272 Θηδῶν.
234 1201 368 1281 Ἀμφίονος
377 1202 427 1279 γάρ
437 1202 481 1258 καὶ
493 1200 592 1270 Νιόύης
602 1201 663 1265 παῖς
676 1198 712 1257 ών
725 1200 775 1257 ύπδ
792 1199 888 1258 Ἀπολ·
970 1199 1035 1260 Ὀτι
1055 1202 1085 1257 ιδΙ
1097 1200 1190 1257 κόλποι
1209 1200 1260 1258 άπὸ
1273 1203 1319 1269 τῆς
1334 1201 1437 1270 δυτικῆς
1455 1198 1586 1269 θαλάσσης
1599 1200 1646 1265 ἕως
1661 1203 1707 1267 τῆς

112 1290 192 1353 λωνος
216 1286 341 1353 τοξευθεὶς
364 1288 409 1345 καί
436 1286 558 1362 ἀλγηδόνι
585 1285 753 1362 συνεχόμενος
786 1283 888 1362 έρριψαν
935 1287 1104 1365 Παμφυλίας·
1121 1285 1174 1345 άπδ
1188 1285 1239 1363 [δὲ]
1254 1291 1300 1357 τῆς
1323 1287 1432 1365 Κρονίας
1447 1286 1579 1355 θαλάσσης
1601 1287 1637 1350 είς
1659 1284 1706 1355 τὴν

71 1391 101 1429 1⁰
113 1374 205 1432 ἕνντθν
220 1375 256 1439 είς
275 1374 320 1429 τὸν
338 1370 508 1447 mmm&
529 1370 576 1428 ἄπ’
595 1374 672 1429 αὐτοῦ
688 1368 808 1445 Ἰσμηνός
824 1370 889 1425 ὦνο·
934 1374 1056 1433 Κασπίαν
1068 1372 1113 1443 τῆν
1131 1373 1174 1431 καί
1195 1371 1336 1451 Ὑρκανίαν
1348 1378 1362 1431 δ
1376 1374 1504 1449 Περσικὸς
1518 1373 1611 1438 κολπος
1629 1372 1706 1430 κατί·
1722 1390 1748 1429 ιο

115 1462 215 1537 μάσθη.
932 1482 1005 1518 ναντι
1017 1464 1064 1529 τῆς
1077 1460 1198 1525 Κασπίας
1212 1459 1257 1518 καί
1269 1463 1283 1516 δ
1296 1458 1456 1539 Ἀρραύικός.

426 1598 587 1623 „⁴0⁶—
974 1546 1082 1623 Πρῶτος
1094 1543 1145 1601 άπδ
1159 1550 1205 1615 τῆς
1221 1545 1317 1612 δύσεως
1339 1544 1482 1623 ἀρχόμενος
1501 1545 1593 1610 πόντος
1606 1546 1620 1601 δ
1633 1542 1707 1612 ’16η-

935 1632 1019 1709 ρικός·
1034 1630 1164 1708 δεύτερος,
1179 1632 1300 1711 ἐχόμενος
1311 1632 1417 1702 τούτου,
1431 1635 1444 1689 ό
1456 1632 1612 1695 Γαλατικός·
1624 1630 1707 1710 τρίτος

154 1716 250 1777 Ἰστέον
261 1715 289 1773 δὲ
302 1714 341 1772 ότι
355 1714 447 1789 άνεμοι
461 1713 511 1772 εἰσί
522 1714 637 1771 δώδεκα·
652 1715 793 1793 ἐγείρονται
814 1714 841 1771 δί
861 1714 891 1769 έκ
936 1716 1025 1797 ἐφεξῆς
1048 1718 1239 1793 ὁΔιγοστικός·
1257 1716 1279 1775 δ
1300 1718 1389 1797 ίφεξῆς
1407 1717 1498 1775 τούτου
1519 1717 1582 1795 πρός
1601 1717 1673 1775 νότον
1694 1720 1709 1774 δ
1794 1750 1797 1754 -

113 1806 167 1872 τῶν
187 1804 321 1877 τεσσαρῦν
342 1799 471 1876 περάτων,
492 1800 635 1871 ἀνατολῶν,
659 1802 773 1875 δυσμῶν,
796 1801 891 1876 ἄρκτου
937 1802 1071 1882 Κυρνικός·
1089 1804 1108 1861 ε’
1119 1804 1209 1861 τούτου
1220 1804 1369 1883 νοτνώτερος
1379 1808 1393 1861 ὁ
1405 1806 1536 1879 Σαρδῷος·
1551 1803 1576 1869 ς’
1586 1804 1709 1882 ἐχόμενος
1724 1826 1749 1869 ις

115 1887 161 1946 καί
171 1885 345 1964 μεσημὸρίας.
354 1888 464 1962 Πρῶτος
476 1884 639 1960 ἀπηλιώτης,
651 1884 766 1963 δεύτερος
775 1884 890 1962 καικίας,
935 1890 1028 1949 τούτου
1050 1890 1113 1969 πρδς
1136 1888 1235 1950 νότονδ
1257 1889 1426 1971 Τυρρηνικός·
1448 1889 1470 1957 ζ’
1492 1890 1709 1967 άνατολικώτερος

74 1990 103 2027 ια
116 1973 202 2049 τρίτος
212 1976 306 2050 βορρᾶς
314 1975 329 2028 ό
337 1971 383 2029 καί
392 1970 464 2049 θρᾷξ,
473 1970 593 2049 τέταρτος
605 1971 764 2044 άπαρκτίας,
776 1972 892 2045 πίμπτυς
936 1976 1027 2034 τούτου
1035 1977 1126 2054 κυρτόν
1137 1978 1350 2057 ἐπιστρεφόμενος
1359 1980 1372 2034 ό
1382 1974 1499 2040 Ἰσσικός·
1508 1974 1533 2047 η’
1543 1978 1557 2033 δ
1572 1974 1708 2053 Κρητικός·

117 2059 259 2139 θρασκίας,
271 2058 342 2122 ἕκτος
357 2057 431 2130 ίᾶπνξ
438 2099 446 2128 ,
461 2056 570 2130 έύδομος
582 2057 686 2135 ζέφυρος
693 2101 702 2129 ‚
718 2055 805 2135 ὄγδοος
825 2056 891 2135 λίψ,
938 2066 960 2121 θ’
971 2067 986 2121 ό
999 2063 1117 2131 Εὔξεινος
1128 2063 1228 2129 πόντος.

116 2147 207 2209 ἔνατος
219 2143 366 2214 λιθόνοτος,
380 2142 484 2208 δέκατος
498 2144 583 2219 νότος,
596 2143 729 2208 {28⁸¹an
747 2140 892 2219 ebpdvotoq,
979 2149 1013 2208 ‘H
1029 2149 1113 2221 Λιύύη
1128 2149 1236 2227 ἄρχεται
1250 2146 1302 2204 άπδ
1317 2146 1446 2225 Γαδείρων
1460 2146 1505 2205 καλ
1521 2146 1596 2223 λτίγει
1611 2149 1646 2213 είς
1661 2148 1711 2207 Αί-

117 2231 262 2295 δωδέκατος
279 2221 360 2306 εύρος.
940 2235 1040 2293 θιοπίαν
1050 2240 1098 2309 γῆν
1108 2238 1158 2291 τῶν
1170 2233 1317 2313 Ἐρεμύῶν.
1723 2256 1750 2295 εν

155 2314 229 2381 Ἕως
238 2320 284 2373 τοῦ
293 2313 375 2392 Ἱεροῦ
387 2315 446 2381 Διὸς
457 2315 553 2392 Οὐρίου
563 2316 621 2386 ἤτοι
635 2318 699 2393 [τοῦ
711 2316 839 2391 στόματος
848 2321 895 2374 τοῦ
979 2320 1042 2379 Ὅτι
1058 2320 1199 2385 Νεαπόλεις
1213 2320 1245 2375 δ’·
1260 2318 1285 2373 α’
1296 2322 1341 2386 τῆς
1355 2318 1488 2396 Ἀφρικῆς,
1504 2318 1528 2396 β’
1539 2322 1585 2389 τῆς
1594 2320 1711 2394 Καμπα-

74 2416 105 2453 ²⁰
119 2402 239 2478 Πόντου]
255 2402 307 2459 άπὸ
329 2407 375 2461 τοῦ
386 2400 467 2477 Ἱεροῦ
488 2402 628 2477 λεγομένου
643 2402 831 2475 πενταατομίου
852 2409 897 2461 τοῦ
957 2405 1010 2475 ίας,
1023 2408 1046 2483 γ’
1061 2410 1107 2475 τῆς
1121 2407 1232 2483 Συρίας,
1244 2403 1267 2462 δ’
1278 2408 1324 2474 τῆς
1334 2404 1473 2471 Αἰτωλίας.

118 2484 222 2566 Ὶστρου
236 2491 355 2563 ποταμοῦ
369 2494 415 2545 τοῦ
435 2486 537 2547 Πόντου
560 2490 653 2548 στάδια
668 2491 740 2567 ‘w'
752 2534 760 2562 ‚
774 2488 897 2567 γινόμενα
981 2492 1085 2552 Ὀτααί
1106 2492 1240 2556 Κυκλάδας
1255 2495 1327 2561 νῆσοι
1349 2490 1434 2547 ἑπτά·
1460 2488 1569 2569 Σίφνιος,
1592 2490 1709 2561 Κίθνος,

118 2574 194 2649 μίλια
208 2567 276 2631 υπά.
943 2577 1044 2653 Πάρος,
1058 2579 1182 2657 Σίριφος,
1197 2576 1300 2648 Νάξος,
1313 2575 1464 2653 Ἀμουργδς,
1479 2578 1573 2647 Δῆλος.

160 2658 224 2718 Ἀπὸ
238 2659 265 2715 δὲ
286 2658 458 2736 Βορυσθένους
468 2666 586 2736 ποταμοῦ
598 2665 644 2719 τοῦ
658 2658 724 2741 [καί]
739 2660 897 2740 Δανόπρεως
980 2662 1043 2723 Ὀτι
1055 2668 1078 2724 οί
1090 2665 1224 2742 Σποράδις
1233 2669 1307 2734 νῆσοι
1319 2662 1368 2722 εἰσί
1377 2660 1477 2729 δεκαέξ.
1723 2684 1750 2724 νε

119 2742 335 2819 καλουμένουέως
343 2743 423 2823 Ἱεροῦ
433 2744 493 2811 Διὸς
504 2748 610 2825 Οὐρίου,
618 2750 711 2807 στάδια
720 2748 811 2825 ,εχ[ι’],
823 2748 898 2823 μίλια
979 2748 1044 2809 Ὅτι
1060 2751 1101 2809 διδ
1115 2755 1192 2829 τριῶν
1207 2753 1295 2826 μηνῶν
1312 2771 1375 2827 φασι
1396 2752 1564 2827 περαιοῦσθαι
1586 2748 1632 2819 την
1650 2748 1711 2827 Ὕρ-

76 2852 106 2890 25
120 2829 189 2909 ψμς’
203 2830 249 2886 Δ”.
941 2836 1045 2895 κανίαν.

159 2914 221 2975 Ἀπὸ
235 2914 261 2972 δὲ
277 2915 411 2992 Κεραῶνος
421 2917 468 2983 ἕως
477 2921 521 2976 τοῦ
530 2916 612 2996 Ἱεροῦ
624 2916 683 2984 Διός
693 2917 790 2996 Ούρίου
801 2916 894 2976 στάδια
978 2921 1042 2984 Ὅτι
1055 2920 1131 2980 στενά
1143 2926 1188 2992 τῆς
1200 2919 1285 2988 Ἄσίας
1295 2919 1325 2978 τό
1342 2916 1437 2993 μεταξύ
1454 2923 1500 2990 τῆς
1521 2919 1642 2987 Κασπίας
1664 2926 1712 2979 02.

117 3025 135 3081 ί·
149 3003 222 3081 ίίθἹι
238 3002 313 3076 μίλία
327 3003 415 3080 “W''
428 3004 473 3064 lu·
813 3023 818 3032 '
941 3009 1039 3080 λάσσης
1050 3013 1095 3067 καλ
1107 3017 1151 3067 τοῦ
1167 3012 1297 3086 Περσικοῦ
1310 3006 1416 3066 κόλπου.
1806 3069 1810 3076 Ι

159 3088 222 3148 Ἀπὸ
236 3088 264 3146 ὅθ
277 3091 323 3157 Τῆς
339 3091 472 3168 Πνρθμίας
485 3089 575 3165 κώμης
585 3095 632 3162 τῆς
645 3095 671 3150 ἓν
685 3094 722 3171 τῷ
736 3090 805 3150 τίδῑῑ
820 3088 894 3169 [τῶν]
979 3096 1043 3156 Ὀτι
1056 3098 1081 3154 αί
1092 3096 1211 3154 Κασπίαι
1222 3094 1304 3152 πύλαι
1316 3090 1407 3169 πέτραι
1417 3090 1460 3150 δύο
1468 3092 1517 3149 εἰσὶ
1528 3091 1601 3162 δίκην
1609 3095 1713 3166 πυλῶν,
1726 3119 1752 3158 ³⁰

119 3179 167 3245 τῆς
189 3173 317 3252 Εὐρώπης
330 3180 375 3232 τοῦ
390 3177 491 3236 Πόντου
511 3183 595 3254 μερῶν
608 3177 711 3256 [καλόν
723 3181 762 3256 τῷ
776 3177 897 3256 στομίῳ]
940 3181 1085 3258 ῆδύοόρη.

77 3290 109 3329 w
121 3265 169 3330 τῆς
182 3260 328 3326 Μαῑῶῐῑδθς
339 3260 449 3337 λίμνης,
460 3263 519 3334 ἤτοι
533 3265 667 3342 Βοσπόρου
676 3268 721 3320 τοῦ
738 3263 896 3340 Κιμμερίου,
979 3269 1063 3336 ’οτιὴ
1072 3267 1179 3337 Σινώπη
1186 3264 1712 3344 τῶνἈσσυρίωνέστίνἤτοιΠαφλαγόνων.

121 3347 170 3411 ἕως
181 3343 237 3427 [τοῦ
247 3345 330 3425 Ἱεροῦ
342 3346 468 3416 ΔῑθςΔιθς
478 3348 577 3428 Οὐρίου
587 3350 680 3407 στάδια
691 3349 772 3425 μυρία
781 3349 826 3406 καί
838 3348 897 3426 ,αρ’,
979 3354 1045 3414 ’Ότι
1058 3355 1087 3412 τὸ
1102 3357 1184 3428 μῆκος
1203 3359 1247 3410 τοῦ
1266 3353 1365 3412 Πόντου
1379 3352 1490 3409 σταδίων
1509 3351 1563 3410 έστὶ
1579 3351 1627 3430 ,αρ’
1644 3353 1712 3428 (sic),

124 3432 288 3510 μίλιαμυιά.
941 3442 971 3499 τδ
985 3442 1011 3498 δὲ
1025 3441 1121 3506 πλάτος
1142 3439 1203 3516 ,γπ’.

163 3519 225 3578 Ἀπὸ
235 3521 262 3576 θί
273 3525 318 3578 τοῦ
328 3518 410 3598 Ἱεροῦ
423 3522 481 3587 Διὸς
492 3522 589 3598 Οθρίου
598 3520 665 3599 ίως]
674 3521 773 3586 πόλεως
782 3519 897 3594 Ἀμισοῦ,
981 3528 1036 3595 Τῆς
1050 3524 1225 3602 Προποντίδος
1235 3523 1265 3582 τό
1272 3523 1369 3588 πλάτος
1383 3520 1494 3581 σταδίων
1506 3521 1541 3600 φ’,
1552 3523 1582 3580 τδ
1592 3523 1618 3580 δί
1630 3527 1712 3599 μῆκος
1726 3546 1753 3584 σε

125 3605 233 3686 [στάδια
247 3605 323 3684 ,δυξ’,
339 3607 414 3683 μίλια
433 3605 495 3684 χειά
511 3606 547 3666 ε’.
589 3607 653 3665 Ἀπὸ
672 3607 699 3664 δὲ
717 3605 836 3685 Ἀμισοῦ]
852 3603 898 3671 ίινς
941 3610 1052 3667 σταδίων
1067 3607 1125 3686 μα’.

78 3719 110 3758 αν
125 3698 172 3752 τοῦ
185 3692 302 3758 Φάσιδος
313 3699 432 3768 ποταμοῦ
447 3693 541 3752 στάδια
555 3691 638 3771 ,γωύ’,
651 3693 726 3767 μίλια
739 3691 792 3770 μί’.
980 3693 1043 3754 Ὅτι
1056 3697 1079 3751 οί
1092 3693 1213 3758 Φοίνικες
1222 3695 1320 3770 πρῶτοι
1331 3691 1363 3750 τί
1374 3690 1517 3770 γράμματα
1530 3691 1670 3771 ἐξευρόντες
1681 3695 1716 3758 είς

163 3778 226 3838 Ἀπδ
247 3778 275 3836 δέ
297 3785 343 3839 τοῦ
367 3779 484 3846 Φάσιδος
506 3785 626 3855 ποταμῶ
650 3780 698 3845 έως
720 3784 767 3837 τοῦ
791 3778 898 3853 στομίου
939 3778 1075 3850 Ἕλληνας
1088 3778 1244 3855 μετήγαγον.

122 3869 170 3934 τῆς
184 3857 332 3934 Μαιώτιδος
354 3867 448 3942 λίμνης
469 3865 563 3925 στάδια
581 3867 658 3944 ,δρν’,
673 3867 747 3940 μίλια
761 3864 844 3942 φν[γ]’
862 3865 897 3922 ε”
980 3865 1044 3925 Ὀτι
1058 3864 1148 3938 δίνιμοε
1159 3865 1255 3939 γενικολ
1269 3863 1375 3924 πνέουσι
1387 3863 1526 3941 τέσσαρες·
1547 3865 1648 3939 πρῶτος
1662 3861 1714 3920 άπδ

122 3951 228 4010 Γίνεται
237 3951 285 4010 δδδ
299 3959 349 4018 πῦς
357 3951 496 4030 περίπλους
505 3951 624 4019 Εύξιίνου
635 3952 735 4012 Πόντου
747 3955 798 4008 τῶν
809 3949 898 4018 δεξιῶν
940 3955 988 4022 τῆς
1002 3951 1123 4028 άρκτουδ
1139 3954 1248 4028 βορρᾶς,
1260 3950 1284 4026 β’
1297 3951 1349 4008 άπὸ
1360 3954 1406 4020 τῆς
1420 3948 1585 4027 μεσημόρίας
1599 3952 1612 4006 ό
1626 3947 1711 4020 νότος,
1726 3969 1754 4008 εο

124 4040 172 4105 τῆς
184 4035 269 4102 Ἀσίας
280 4042 365 4115 μερῶν
375 4044 420 4096 τοῦ
432 4038 532 4098 Πόντου
545 4040 612 4113 (τῶν
625 4036 790 4111 τελαυταίων)
806 4039 857 4094 τῶν
869 4057 898 4092 τε
940 4037 1025 4115 τρίτος
1046 4034 1099 4092 ἀπὸ
1120 4038 1167 4104 τῆς
1184 4037 1310 4104 ἀνατολῆς
1326 4039 1340 4093 ό
1353 4035 1518 4105 ἀπηλιώτης,
1529 4033 1649 4110 τέταρτος
1663 4033 1714 4090 σἰπδ

81 4145 112 4184 ςο
125 4120 266 4196 εύωνύμων
279 4125 326 4191 τῆς
340 4123 469 4199 Εὐρώπης
481 4121 529 4188 ίως
540 4127 585 4180 τοῦ
599 4120 683 4200 Ἱεροῦ
697 4122 789 4180 στάδια
804 4121 898 4196 δισμύ-
941 4127 988 4194 τῆς
1001 4121 1097 4187 δύσεως
1112 4119 1251 4199 όζέφυρος.
1266 4119 1391 4201 Ἐκάστῳ
1403 4122 1430 4180 δὲ
1444 4121 1540 4179 τούτων
1562 4121 1605 4177 δύο
1625 4119 1713 4198 παρά-

125 4229 169 4286 ρια
184 4205 257 4285 φπζ’,
273 4207 348 4280 μίλια
365 4208 461 4286 ,γρμεῆ
492 4207 528 4266 ‘0
550 4207 577 4265 δί
591 4208 729 4285 περίπλους
742 4211 787 4277 τῆς
802 4207 898 4266 Μαιώ·
942 4231 1058 4280 κεινται,
1071 4211 1105 4272 ὡς
1118 4199 1184 4264 εἷναι
1201 4204 1258 4271 τούς
1271 4207 1370 4272 πάντας
1383 4205 1493 4264 δώδεκα.

123 4295 194 4354 τιδος
207 4291 316 4365 λίμνης,
326 4295 360 4357 τίς
373 4292 405 4363 ἣν
416 4291 503 4370 τρέχει
518 4295 532 4350 ό
547 4293 645 4359 Τάναϊς
657 4292 775 4370 ποταμός
786 4334 794 4362 ,
805 4293 899 4350 στάδια
982 4292 1016 4352 Ἡ
1032 4293 1079 4368 μίν
1096 4291 1227 4369 Αἴγυπτος
1243 4291 1310 4350 ἔοικε
1324 4293 1400 4350 δέλτα
1415 4289 1549 4370 τριγώνῳ,
1569 4294 1586 4360 ἡ
1605 4287 1631 4347 δί
1641 4287 1717 4346 Ἀλε·

125 4387 159 4457 Ιθ,
174 4377 248 4450 μίλια
263 4378 316 4436 ασί.
347 4417 352 4426 ·
425 4393 428 4397 “
943 4378 1061 4457 ξάνδριια
1082 4377 1197 4455 χλαμύδι
1220 4382 1411 4456 στρατιωτικῇ,
1425 4383 1442 4448 ἡ
1457 4377 1484 4435 δδ
1499 4375 1597 4435 Ἰταλία
1617 4368 1713 4453 κίσσῳ,
1729 4393 1756 4432 οε

166 4462 243 4521 Ἐστι
262 4460 290 4519 δί
303 4459 332 4519 τδ
346 4461 449 4520 στάδιον
465 4463 523 4540 ἔχον
540 4468 622 4537 μῆκος
638 4466 724 4522 δποῖον
739 4463 794 4521 έστί
809 4462 838 4520 τδ
852 4466 897 4520 τοῦ
943 4467 958 4532 ἡ
976 4463 1065 4537 μέντοι
1079 4464 1163 4530 Νάξος
1176 4463 1264 4542 φύλλῳ
1276 4465 1405 4539 ἀμπέλου.

126 4627 244 4689 εςο.,ειί)ἱ
255 4629 443 4696 καταχωαθῆναι
455 4629 495 4681 vel
508 4631 686 4698 κατορυχθῆναι
699 4631 823 4683 excidisse
836 4630 901 4681 bene
944 4638 973 4690 ut
987 4628 1146 4698 plurimum,
1163 4629 1241 4681 habes
1256 4629 1294 4692 ΙνεΙ
1309 4630 1411 4681 lacunas
1426 4629 1463 4680 vel
1478 4629 1616 4680 verborum
1630 4643 1719 4679 conu-

9 4718 17 4730 ·
127 4705 232 4756 monuit
240 4704 393 4774 Rudolphus
403 4706 628 4775 Κυάνεαί-νο.
643 4711 717 4763 ιι65.
728 4709 813 4761 Schol.
825 4709 901 4760 fluxit
942 4706 1032 4775 ptelas.
1051 4708 1061 4772 ΙΙ
1079 4707 1171 4761 -νδ,
1190 4705 1276 4759 ἀπὸδὲ
1297 4708 1420 4776 Βοσπόρου
1441 4711 1550 4776 ποταμοῦ
1571 4705 1717 4757 τοῦΔανοιί-
1757 4725 1762 4740 ·

128 4799 145 4834 e
157 4782 287 4834 Plutarch.
302 4785 342 4834 De
356 4783 417 4838 θον,
434 4803 457 4837 ο.
471 4802 510 4848 2.;
525 4785 566 4837 ἀπ’
579 4785 651 4838 αύτοῦ
670 4787 751 4850 Plut„
764 4787 803 4838 ὑπ’
823 4785 899 4838 αὐτῶν
943 4783 1003 4842 δεως
1016 4782 1076 4836 cod.
1089 4787 1100 4849 ΙΙ
1112 4811 1146 4822 -
1157 4784 1201 4851 39.
1221 4785 1304 4853 μέρους
1317 4785 1377 4839 cod.
1392 4789 1426 4849 L,
1441 4803 1519 4854 μερων
1537 4783 1597 4838 ⁶0⁴1·
1621 4787 1655 4850 Qs'
1667 4787 1716 4835 τῶν

129 4857 190 4912 cod.
216 4863 250 4912 H.
265 4861 358 4911 -nis
379 4860 536 4929 subjecimus
556 4863 657 4914 notulas
679 4881 742 4932 quas
758 4862 791 4915 ad
804 4862 899 4914 οείοεπι
942 4857 1087 4911 τελευταίων
1101 4871 1187 4911 ortum
1202 4878 1257 4914 esse
1271 4860 1375 4914 videtur
1388 4879 1420 4914 ex
1437 4862 1506 4912 varia
1523 4859 1652 4912 lectione:
1668 4865 1716 4911 τῶν

129 4926 314 4997 ροταρῦταεεοε
324 4929 428 4981 exhibet
440 4929 522 4981 codex
535 4935 564 4992 L,
574 4941 600 4982 et
611 4935 743 5000 praemittit
751 4932 899 5003 paraphrasi
942 4952 969 4987 τε
999 4937 1086 5000 λαιῶν,
1108 4954 1167 5006 quae
1201 4937 1279 5006 juxta
1301 4945 1349 4990 τῶν
1385 4957 1411 4991 τε
1437 4938 1566 5008 εὐωνύμων
1589 4936 1717 5007 adscripta

130 5001 214 5054 oodex
230 5008 255 5071 Q
269 5005 312 5068 (N.
327 5005 360 5056 83
372 5005 571 5075 Supplementi),
582 5007 678 5078 dequo
690 5010 779 5061 mon‘ui
793 5009 819 5059 ἰιι
833 5019 897 5061 tom.
942 5011 1049 5066 fuerint.
1067 5014 1080 5082 Ιί
1095 5042 1128 5054 -
1143 5014 1268 5085 τρισμύρια
1278 5015 1328 5067 cod
1340 5019 1396 5088 ΕΟ.
1413 5017 1423 5084 ΙΙ
1436 5045 1470 5056 -
1491 5019 1533 5080 ίί.
1554 5015 1582 5068 τδ
1604 5011 1718 5084 ἱπποδρό-

134 5077 288 5147 1,Prolegg.
310 5095 337 5148 p.
355 5082 403 5134 113
425 5093 479 5135 not.
495 5087 525 5136 In
542 5095 653 5156 utroque
670 5086 760 5140 codice
779 5087 896 5154 easdem,
944 5108 999 5159 μιον
1016 5091 1043 5145 L.
