3884 5925
678 418 909 510 nescntrno
931 445 1043 510 onets
1064 446 1216 510 renna.
1664 456 1719 512 us
1819 444 1823 456 ’

41 577 104 655 (sss)
122 579 312 650 impacatorum
325 577 407 629 nutrit
421 573 517 648 pubem
528 575 695 648 populorum.

943 579 1041 632 durum
1052 580 1086 632 ab
1098 582 1179 651 stirpe
1189 595 1286 649 genus,
1299 578 1406 654 placidae
1418 595 1491 632 ruens
1501 581 1587 634 nescia
1597 581 1667 646 vitas,

115 664 207 734 ¹Hujus
221 675 361 734 utrumque
371 663 437 714 latus
448 663 532 732 quatit
548 663 640 733 amplis
651 663 745 718 bruma
758 663 897 736 procellis,
942 665 1067 734 ignorant
1077 667 1149 718 ssavae
1162 665 1263 718 Cereris
1277 666 1450 729 commercia,
1465 665 1561 718 bacchi

41 751 103 803 885
120 749 345 818 constrictumque
354 757 443 800 tenent
454 745 525 800 hunc
543 747 648 816 frigora.
659 750 782 802 Proxima
796 765 887 803 rursus
943 768 1046 820 semper
1057 751 1203 822 inexpertes
1211 751 1326 802 animam
1338 762 1439 830 traxere
1453 751 1574 804 lerinam.
1735 758 1794 812 920

120 836 257 889 Cimmerii
271 833 396 906 Sindique
410 835 508 890 colunt.
522 835 638 887 Cercetio
653 851 714 906 gens
724 847 762 890 est

119 933 200 992 atque
212 923 363 976 Toretarum
378 933 486 994 propter
499 939 596 991 genus3
610 923 726 994 indeque
744 921 829 976 hchaei
844 940 850 976 τ

119 1008 153 1060 ah
164 1009 263 1061 Xanthi
278 1009 340 1079 ripis
354 1019 432 1078 atque
443 1006 513 1060 tdaeo
523 1009 655 1060 Simoente

119 1095 191 1146 inter
202 1094 363 1163 cauricrepas
375 1103 401 1144 et
414 1109 550 1162 scruposas
562 1092 691 1146 convalles

42 1190 102 1241 8ῑο
120 1177 384 1235 namvenereimem.
397 1181 475 1232 turta
492 1197 555 1247 gens
571 1197 661 1250 aspera
674 1178 744 1248 degit

118 1267 264 1330 Heniochi,
280 1267 404 1336 Zygiique
416 1264 527 1333 dehinc,
540 1267 585 1336 qui
598 1283 678 1335 regna
690 1267 825 1335 Pelasgum

118 1351 267 1421 linquentes
285 1351 420 1421 quondam
432 1361 574 1403 tenuerunt
586 1354 705 1422 proxima
718 1351 805 1405 Ponti.
863 1421 865 1426 Ι

117 1439 234 1507 Impiger
243 1437 291 1490 hos
303 1447 410 1508 propter
419 1437 533 1489 Colchus
548 1438 611 1489 colit
626 1453 631 1489 :
648 1438 695 1490 iste
712 1437 792 1491 feraci

118 1523 181 1574 exul
193 1522 227 1576 ab
241 1523 352 1593 Egypto
363 1521 436 1574 celsae
448 1523 511 1575 serit
522 1539 612 1593 aspera
623 1525 706 1594 rupis.

41 1615 101 1665 875
117 1611 249 1662 &umus
261 1611 388 1679 Hyrcanae
405 1607 518 1662 nimium
527 1611 706 1662 conterminus
717 1608 796 1662 nndae
809 1619 857 1662 est.

117 1693 204 1765 Hujus
216 1693 279 1746 valle
288 1694 379 1764 procul
392 1693 483 1747 Phasis
496 1696 589 1764 gemit,
601 1696 675 1748 istius
686 1705 762 1748 antro

117 1781 222 1848 agmina
235 1779 405 1850 provolvens,
422 1781 571 1850 (hrueaque
584 1781 671 1850 lapsus
681 1781 708 1834 iu
720 1797 781 1834 arva

117 1863 211 1936 incidit
224 1865 369 1917 Euxinum.
379 1864 493 1918 Borealis
509 1863 616 1917 cardine
626 1865 686 1918 coeli

117 1967 210 2002 rursus
223 1949 250 2001 in
263 1963 320 2001 eoae
335 1949 399 2002 lucis
411 1949 526 2002 confinia
540 1950 614 2002 tellus

43 2039 100 2090 880
117 2034 240 2088 inclinata
250 2034 335 2105 jacet,
346 2035 450 2104 gemino
461 2036 545 2086 vicina
556 2033 699 2105 profundo.

117 2121 213 2190 Caspia
223 2137 285 2172 nun
297 2120 347 2172 late
356 2128 452 2173 terram
466 2121 618 2190 superattuit
627 2119 717 2183 unda,

115 2209 268 2278 Euxinique
277 2207 473 2275 suhasttergum
485 2206 553 2258 salis.
566 2209 650 2276 Asper
660 2205 773 2258 Hiberus

115 2294 160 2346 hic
173 2295 240 2362 agit3
255 2293 298 2344 hic
309 2293 372 2344 olim
384 2291 546 2362 Pyrrhenide
555 2292 645 2362 pulsus
657 2291 690 2344 ab
703 2307 750 2344 ora

115 2381 220 2450 cespitis
234 2380 273 2431 eni
285 2379 369 2430 tenuit
381 2379 449 2442 sola,
468 2395 515 2429 ceu
526 2395 587 2446 vaga
602 2393 669 2449 sape

42 2473 98 2522 885
115 2465 171 2519 lois
182 2467 250 2534 rapit
261 2473 365 2516 exactos
378 2463 471 2535 patria.
486 2464 569 2515 Tenet
583 2481 688 2532 aequora
700 2464 786 2533 campi

114 2571 179 2622 gens
193 2553 400 2614 Camaritarum,
412 2552 457 2620 qui
475 2561 533 2621 post
546 2551 687 2602 certamina
699 2549 847 2614 bacchum,

113 2637 208 2691 ludica
221 2636 387 2689 bassaridum
404 2653 466 2688 cum
477 2635 585 2688 duceret
599 2638 701 2705 agmina
715 2637 809 2698 victor,

113 2737 239 2793 accepere
249 2723 328 2786 casis,
345 2723 501 2792 mensasque
510 2721 606 2774 dedens
618 2724 696 2791 Lyae
702 2739 712 2784 ,·

114 2809 189 2877 orgia
200 2807 321 2860 ludentes
331 2817 360 2860 et
377 2805 488 2859 nebride
503 2817 607 2878 pectora
619 2807 698 2859 cincti

40 2901 97 2952 890
115 2891 251 2944 deduxere
262 2891 374 2953 chorus,
388 2889 470 2960 Nyni
484 2890 585 2944 ludicra
594 2891 669 2942 ritus.

114 2982 172 3053 Hos
181 2998 260 3052 super
272 2981 300 3033 in
309 2978 406 3032 lluctm
419 2978 530 3047 assurgit
544 2979 636 3049 Cmpia
648 2976 756 3047 Tethys.

153 3070 220 3121 Hac
228 3066 340 3120 &eada
354 3066 436 3129 mihi;
450 3082 499 3117 uec
513 3064 564 3117 diri
574 3064 682 3133 gurgitis
699 3080 816 3133 unquam

114 3154 223 3208 lustravi
235 3154 300 3225 pinu
312 3150 380 3204 freta
392 3150 516 3213 barbara,
528 3168 576 3202 nec
589 3166 667 3219 vagus
678 3149 770 3202 orbem

113 3241 234 3311 undique
244 3240 342 3311 reptavi
353 3257 362 3292 t
376 3237 423 3291 scd
435 3236 618 3291 munumina
631 3236 741 3304 Gangis,

41 3334 97 3383 895
113 3331 258 3383 Queaseas
270 3344 341 3381 noes
354 3337 381 3379 et
393 3325 537 3377 dumicolas
551 3326 662 3376 Arienos

112 3417 249 3468 incentore
260 3430 351 3465 mnam
363 3411 476 3475 Phoebo,
494 3410 630 3479 Musisque
641 3408 770 3477 magistris
811 3440 813 3443 ·

113 3501 204 3553 omnia
218 3498 333 3551 veridico
346 3497 488 3551 decurrens
500 3496 615 3549 carmine.
625 3495 749 3565 pandam.

148 3587 242 3658 Caspia
252 3604 299 3657 per
312 3594 403 3637 teretes
413 3584 512 3654 Tethys
520 3581 679 3635 distenditur
689 3600 758 3646 oras,

112 3684 139 3726 et
153 3675 260 3725 sinuant
268 3672 354 3724 curvis
368 3671 437 3724 hanc
452 3680 534 3723 totam
543 3670 620 3723 litora
632 3670 719 3721 terris.

41 3768 98 3817 900
112 3763 230 3813 Tantum
243 3757 289 3811 ted
303 3758 361 3810 hmo
371 3768 468 3829 pontus
474 3756 545 3826 jacet
555 3758 603 3809 ista
613 3754 764 3826 profundo,

114 3860 146 3901 ut
160 3858 200 3899 ter
214 3846 273 3899 luna
284 3846 357 3916 prius
366 3855 470 3916 reparet
480 3844 542 3897 iacis
553 3844 713 3896 incrementa
723 3880 731 3904 ‚

113 3953 195 4006 quam
205 3936 263 4004 quis
273 3933 413 3986 curulem
426 3932 503 3987 celeri
515 3942 570 3985 rate
582 3941 695 3985 transeat
705 3948 805 4001 sequor.

113 4020 234 4087 Gurgitis
247 4036 359 4070 oceanus
369 4028 446 4089 pater
454 4030 493 4070 ast
506 4033 514 4070 t
525 4034 638 4087 namque
650 4018 698 4089 iste
712 4018 770 4071 nive

38 4108 99 4187 itta)
113 4123 164 4158 axe
175 4104 276 4156 Helices
289 4102 368 4156 interr
378 4103 462 4174 rapidi
475 4102 540 4155 ireta
550 4103 652 4155 concita
663 4102 753 4172 ponti,

42 4212 97 4260 905
113 4202 140 4245 et
155 4190 227 4242 sinus
237 4187 299 4241 inde
311 4189 360 4241 sibi
374 4190 479 4261 pelagus
487 4190 576 4242 trahit.
590 4191 641 4241 Hic
653 4188 717 4242 vada
732 4200 839 4260 propter

37 4281 96 4359 (m)
114 4276 209 4345 Caspia
220 4284 337 4325 versatur
349 4275 444 4345 Scytha
459 4274 575 4343 belliger,
590 4274 685 4345 hicque
697 4274 796 4327 feroces

37 4362 95 4435 (7³1)
113 4362 215 4431 degunt
225 4362 333 4423 Albani3
347 4370 407 4413 uua
423 4359 474 4413 illie
489 4378 550 4413 arva
563 4359 682 4412 Cadusus

113 4448 181 4501 dura
194 4459 279 4512 tenet,
294 4445 380 4499 Mardi
391 4446 503 4511 celeras,
516 4447 631 4517 Hyrcani
644 4448 784 4517 Apyvique.

113 4536 218 4605 Cespite
229 4536 316 4587 vicino
329 4532 435 4587 Mardus
449 4534 524 4597 ssuit,
538 4544 565 4585 et
576 4533 669 4602 procul
682 4535 750 4603 ipsos

45 4626 99 4679 910
114 4622 215 4675 aceedit
227 4624 333 4674 Bactros
343 4640 350 4682 ;
362 4621 491 4688 attingens
500 4617 617 4688 denique
631 4630 732 4672 atroces

113 4710 217 4776 agmine
229 4706 386 4769 Dereebios,
400 4703 503 4757 medius
513 4703 678 4757 disterminat
686 4704 792 4768 ambos,

36 4796 98 4874 (πο)
114 4794 282 4863 Hyrcanique
293 4792 351 4844 salis
363 4788 466 4843 tumido
478 4788 643 4842 convolvitur
654 4800 727 4841 artu.

113 4880 165 4933 Sed
179 4882 304 4933 Bactrena
315 4878 370 4931 solo
380 4889 452 4931 rastn
462 4876 555 4949 procul
564 4894 625 4929 arva
634 4876 770 4943 recedunt,

113 4968 288 5037 Pamassique
295 4965 352 5035 jugi
368 4966 464 5035 tegitur
478 4982 539 5034 gens
552 4964 663 5033 rupibus
672 4964 732 5036 illa:
764 4962 769 4968 ’

41 5062 95 5119 915
113 5054 257 5107 Dereebius
269 5052 340 5105 aliud
352 5053 456 5105 cohibet
469 5053 552 5113 latus,
571 5062 598 5103 et
608 5050 674 5103 rada
690 5052 774 5121 tangit

113 5142 216 5212 Caspia.
229 5141 301 5193 Tum
312 5139 376 5192 dari
383 5138 511 5211 pharetris
521 5138 631 5207 agilique
642 5138 733 5205 sagitta

39 5223 97 5302 (tn)
113 5224 361 5299 Massagetteglaud
370 5222 515 5279 succedunt
526 5223 624 5277 flumen
635 5222 728 5275 Araxis
735 5260 745 5287 ,

944 838 991 888 His
1004 837 1078 889 cibus
1086 848 1196 908 etpotus
1208 835 1285 889 simul
1297 848 1349 900 est;
1360 855 1421 889 nam
1431 838 1583 905 sanguinem
1595 837 1720 907 equinum

942 923 1018 975 etiae
1029 934 1180 976 concretum
1193 923 1358 994 perbarbara
1368 934 1473 992 guttura
1482 925 1598 978 sorbent.
1730 903 1799 984 lm)

941 1009 998 1062 Nec
1010 1009 1103 1080 procul
1116 1009 1149 1062 ad
1159 1009 1256 1062 borean
1266 1009 1317 1062 diri
1329 1027 1440 1080 posuere
1452 1011 1589 1064 (herasmi

942 1096 1070 1167 hospitia,
1083 1107 1110 1149 et
1123 1097 1197 1167 juxta
1205 1095 1340 1169 pretendit
1349 1097 1458 1166 Sugdias
1469 1115 1560 1167 agros,
1787 1163 1791 1170 Ι

941 1183 1067 1250 Sugdias,
1079 1184 1178 1251 ingenti
1191 1200 1271 1252 quam
1282 1183 1393 1235 flumine
1401 1182 1502 1236 dissicit
1516 1185 1601 1236 Oxrts.
1735 1182 1792 1236 92⁵

942 1271 993 1321 Hic
1004 1269 1096 1339 procul
1106 1271 1202 1322 Emodi
1210 1270 1260 1322 late
1272 1273 1325 1324 ruit
1338 1289 1430 1340 aggere
1444 1273 1557 1336 mentis,

939 1364 967 1406 ct
979 1372 1027 1425 per
1042 1354 1156 1425 prolixos
1169 1364 1273 1407 evectus
1284 1357 1403 1426 protinus
1416 1375 1493 1425 agros

941 1441 1033 1511 Caspia
1042 1440 1163 1511 propellit
1175 1440 1257 1493 fluctu
1266 1440 1340 1494 ireta.
1351 1444 1411 1508 Qua
1420 1443 1488 1511 perit
1501 1440 1580 1512 hujus

941 1526 1058 1578 fluminis
1070 1545 1116 1591 os,
1132 1525 1183 1578 diri
1196 1527 1265 1597 ripas
1276 1527 1394 1579 habitant
1404 1529 1523 1580 urana.
1736 1507 1796 1583 (⁷⁶⁰)

939 1611 1061 1664 Tendere
1072 1629 1125 1664 nen
1135 1611 1233 1663 horum
1246 1613 1385 1682 quisquam
1398 1613 1536 1665 certaverit
1548 1627 1624 1664 arcus
1640 1627 1647 1665 t
1734 1607 1793 1658 930

940 1697 1055 1750 ambitus
1066 1697 1114 1749 hos
1126 1697 1222 1749 etenim
1232 1697 1330 1749 multus
1344 1698 1440 1762 trabit,
1454 1709 1479 1750 et
1493 1715 1570 1766 grave
1581 1698 1668 1750 curvis

939 1781 1045 1854 pondus
1054 1783 1122 1834 inest
1133 1783 1215 1845 taxis,
1232 1781 1312 1851 longo
1321 1794 1384 1835 sunt
1398 1782 1497 1853 spicula
1508 1783 1594 1847 ierro,

940 1876 966 1919 et
976 1868 1048 1936 rigor
1058 1869 1085 1920 iu
1098 1869 1186 1920 nervis
1197 1866 1276 1920 veluti
1290 1869 1376 1920 bovis.
1388 1867 1455 1920 Inde
1466 1870 1568 1920 cruenti

940 1964 1003 2006 sunt
1011 1953 1140 2018 Tochari,
1154 1954 1307 2023 Phrunique
1317 1963 1417 2016 truces,
1431 1963 1458 2006 et
1470 1941 1601 2026 inhospita
1610 1955 1683 2008 Seres

940 2057 1003 2092 arra
1011 2039 1139 2092 habitant.
1155 2039 1285 2108 Gregibus
1294 2040 1574 2110 permixtionemque
1583 2039 1720 2109 boumque
1734 2038 1791 2090 088

940 2122 1034 2176 vellera
1044 2142 1092 2195 per
1102 2125 1179 2177 silvas
1193 2127 1267 2178 Seras
1282 2126 1424 2178 nemoralia
1433 2135 1556 2196 carpunt.
1734 2115 1795 2197 (tat)

941 2209 1037 2263 llluma
1048 2212 1195 2282 Epetrimos
1209 2212 1284 2264 tellus
1294 2212 1389 2277 habet,
1404 2223 1431 2265 et
1442 2212 1535 2283 procul
1546 2215 1594 2265 ista

940 2313 1011 2348 cassa
1022 2297 1108 2349 virum
1119 2308 1171 2360 est,
1187 2297 1264 2349 nullis
1273 2315 1398 2367 pecorum
1411 2296 1543 2350 balatibus
1556 2297 1612 2368 agri

941 2382 1099 2452 persultant,
1111 2382 1201 2435 herbae
1213 2382 1307 2434 viduus
1317 2380 1387 2451 jacet
1396 2382 1514 2453 undique
1527 2401 1627 2454 cespes,
1657 2431 1663 2439 ,
1734 2376 1795 2452 (tao)

940 2467 1034 2520 fronde
1050 2470 1135 2531 earet,
1148 2484 1278 2537 nusquam
1292 2477 1374 2520 tenus
1389 2469 1526 2520 intersecat
1538 2471 1631 2524 amnis.
1731 2464 1790 2514 ⁹4⁰

940 2552 1033 2622 Caspia
1042 2561 1082 2604 tot
1096 2551 1146 2603 late
1158 2549 1323 2603 circumdant
1333 2567 1439 2620 equora
1452 2561 1552 2620 gentes.

973 2640 1051 2691 Nunc
1059 2655 1163 2691 rursum
1175 2638 1209 2690 ab
1224 2637 1329 2689 Colchis
1340 2647 1366 2690 et
1381 2638 1463 2707 glauci
1474 2636 1592 2690 Phasidis
1599 2638 1680 2692 undis
1780 2651 1783 2655 ·

937 2721 1077 2777 occiduum
1087 2722 1120 2775 ad
1134 2721 1214 2776 solem
1224 2721 1336 2792 populos
1347 2723 1652 2786 neocaesariense,

860 2829 863 2836 ·
937 2827 1021 2879 usque
1034 2811 1063 2862 in
1071 2809 1187 2861 Threicii
1199 2809 1285 2862 lauces
1296 2810 1385 2861 maris.
1401 2809 1500 2876 Aspera
1510 2809 1626 2877 primum
1732 2801 1791 2880 (tas)

937 2896 1066 2965 Byaemm
1080 2908 1142 2962 gens
1154 2905 1207 2961 est;
1222 2894 1273 2946 diri
1285 2891 1414 2946 suntinde
1429 2893 1543 2955 Bechiri,
1731 2887 1789 2942 925

938 2984 1076 3033 Macrones
1094 2979 1279 3051 Philyresque,
1293 2990 1321 3032 et
1332 2979 1426 3051 pernix
1437 2978 1583 3032 nannum
1593 2996 1664 3046 gens.

938 3064 1004 3118 Inde
1016 3064 1156 3129 Tibareni,
1170 3064 1299 3135 Chalybes
1308 3078 1402 3135 super,
1413 3077 1475 3117 arva
1487 3063 1534 3116 ubi
1547 3063 1609 3117 ferri

938 3150 1003 3203 ditia
1012 3150 1126 3203 vuluifln‘
1139 3152 1266 3221 crepitant
1275 3149 1417 3203 incudibus
1423 3149 1491 3203 altis.
1731 3142 1791 3219 (πο)

940 3239 1003 3290 Post
1014 3234 1064 3288 hos
1077 3237 1187 3306 Assyria
1200 3235 1346 3288 tenduntur
1354 3234 1446 3304 jugera
1455 3245 1544 3298 tenue,
1582 3242 1586 3251 '

938 3324 1116 3393 Armenioque
1123 3322 1188 3391 jugo
1200 3322 1252 3375 late
1264 3340 1373 3391 surgens
1385 3322 1556 3375 thermodon
1729 3329 1788 3380 use
1905 3372 1908 3379 .

937 3412 1020 3480 gentis
1033 3411 1222 3463 Amazonidum
1236 3410 1328 3463 lambit
1340 3420 1405 3464 sata.
1417 3410 1473 3466 Nee
1484 3411 1571 3463 minus
1584 3409 1637 3463 iffie

937 3497 1046 3564 erigitur
1059 3496 1125 3547 celsa
1135 3496 1162 3547 in
1176 3495 1275 3564 fastigia
1285 3497 1370 3565 prisea
1383 3496 1488 3565 Sinope.
1730 3488 1792 3564 lm)

938 3584 1013 3635 Hane
1025 3580 1119 3633 urbem
1130 3580 1274 3650 quondam,
1285 3582 1372 3649 magni
1384 3582 1457 3632 levis
1470 3574 1559 3642 arder,
1576 3582 1671 3651 Asopis

937 3670 1027 3736 virgo,
1041 3666 1128 3718 locam
1137 3682 1211 3717 sava
1219 3676 1327 3736 proptu
1340 3665 1453 3718 confinia
1463 3676 1554 3729 terrae,

937 3753 1023 3805 aulam
1037 3751 1146 3814 babuit,
1161 3750 1379 3821 plebemuesuo
1387 3748 1422 3802 de
1431 3752 1540 3803 nomine
1553 3749 1630 3803 dixit.
1729 3753 1787 3805 ass

936 3840 992 3891 Nec
1000 3836 1092 3908 procul
1105 3836 1168 3889 binc
1179 3850 1262 3907 pertas
1273 3836 1375 3889 laticem
1386 3835 1550 3907 prordvitor
1562 3836 1629 3899 Iris,
1731 3826 1793 3900 ltus)

937 3934 963 3977 et
974 3924 1041 3976 citus
1051 3923 1182 3975 Armeniae
1193 3938 1301 3973 rursum
1314 3920 1476 3973 convallibus
1484 3921 1567 3983 areis,

936 4027 989 4080 qua
999 4018 1100 4061 vastum
1112 4008 1139 4059 iu
1152 4006 1260 4077 pelagus
1268 4007 1353 4079 vergit
1362 4023 1455 4058 saaosa
1468 4005 1618 4067 Carambis,

936 4097 1020 4165 surgit
1031 4094 1121 4164 Halps.
1130 4095 1199 4145 Tum
1209 4093 1406 4163 Paphlagonum
1418 4103 1474 4144 sata
1482 4091 1558 4160 longa
1567 4102 1713 4162 patescant,

936 4194 963 4236 et
973 4178 1176 4249 Mariandynum
1189 4196 1254 4248 gens
1263 4178 1372 4242 incolit,
1385 4176 1459 4231 uude
1472 4176 1598 4231 triformis

936 4286 983 4323 ora
997 4269 1067 4321 oanis
1079 4283 1186 4337 superas
1201 4264 1338 4336 quendem
1351 4265 1479 4336 produxit
1493 4266 1521 4317 in
1532 4282 1610 4318 auras

936 4355 1040 4410 Alcides
1052 4351 1149 4405 Erebo.
1165 4354 1276 4421 Propter
1288 4350 1409 4421 hith5nia
1420 4349 1522 4419 glebam

935 4445 1040 4497 exserit.
1050 4444 1101 4496 Hic
1109 4444 1161 4495 late
1166 4440 1268 4494 Rhebas
1277 4438 1428 4491 eamnditur
1436 4439 1535 4501 amnis,

936 4531 1056 4594 Rhebas,
1066 4529 1156 4601 cyanei
1169 4529 1215 4598 qui
1224 4527 1325 4579 dissicit
1334 4542 1440 4597 aequora
1447 4526 1534 4597 ponti,

936 4616 1056 4681 Rhebas,
1066 4625 1174 4683 argento
1189 4613 1299 4666 similem
1311 4613 1357 4684 qui
1370 4613 1483 4683 porrigit
1496 4610 1604 4663 undam.

970 4705 1005 4757 Hi
1017 4704 1130 4756 Pontum
1144 4702 1253 4769 cingunt
1263 4700 1362 4771 populi.
1371 4700 1451 4751 Nunc
1460 4698 1504 4751 illa
1515 4708 1627 4751 canetur

936 4810 983 4846 ora
994 4791 1075 4853 Asiae,
1090 4789 1195 4858 glaucus
1208 4788 1291 4858 pelagi
1304 4802 1383 4857 mam
1394 4784 1493 4837 subluit
1507 4794 1594 4848 astus,

935 4895 984 4930 axe
996 4877 1052 4928 noti
1064 4876 1092 4927 iu
1104 4874 1193 4926 fauces
1202 4872 1288 4944 rapidi
1299 4872 1392 4943 procul
1405 4872 1581 4943 Hellesponti,

936 4973 963 5014 et
970 4961 1037 5014 freta
1046 4968 1234 5030 quaspumaut
1247 4958 1367 5027 :Egyptia
1377 4958 1499 5027 partibus
1505 4957 1604 5020 austri,

936 5066 1020 5118 usque
1032 5046 1132 5100 Arabas
1143 5045 1253 5113 etlonga
1263 5046 1335 5115 Syra
1345 5043 1461 5099 eontiaia
1471 5054 1557 5098 terrae.

937 5134 1156 5196 Dictumeteuim,
1164 5142 1278 5202 quantus
1285 5126 1381 5200 rigidas
1388 5128 1709 5203 Scythadegatadarctaa.

935 5218 1086 5278 Chalcedon
1100 5218 1217 5273 mmulus
1230 5218 1314 5272 tlnuu
1325 5216 1506 5272 circumdatas
1517 5218 1572 5275 alto
