3884 5925
293 603 329 656 V.
346 603 384 654 De
398 599 498 653 Isthmo
514 595 626 650 serotini
639 593 765 657 recessui,
779 593 811 645 de
823 593 956 664 sepulchra
970 592 1070 664 Hippo

385 684 497 754 athenis,
511 683 543 735 de
552 683 637 751 Sycis,
657 693 681 732 et
695 680 799 732 delubro
812 678 981 751 Amphiarai.

620 832 668 890 Fr.
694 837 742 888 tt.

333 973 434 1027 Deinde
446 973 587 1043 Dionysius
598 969 670 1024 addit
683 989 688 1022 :
701 969 842 1023 Secundum
857 969 1071 1040 locum,udquem

295 1059 392 1115 desiuit
416 1077 527 1111 recessus
553 1057 665 1110 Ceratini
689 1060 772 1120 sinrrs,
798 1056 893 1127 incipit
917 1055 1071 1108 Isthmicum

293 1147 514 1220 pronmntmiruu,
530 1157 647 1218 apertam
655 1147 713 1216 jam
726 1157 750 1196 et
762 1144 870 1196 nudturn
888 1141 1071 1214 Propontidem

291 1233 470 1306 prospicietis,
489 1231 514 1282 irr
524 1249 574 1301 quo
585 1231 747 1302 sepulchrum
764 1228 952 1300 Hipposthenis
971 1237 1068 1286 restat,

297 1319 379 1371 herois
389 1317 561 1384 Megareusis,
573 1336 589 1367 u
598 1335 648 1387 quo
662 1317 731 1368 locris
745 1334 833 1367 rronreu
843 1315 952 1386 adeptus
962 1325 1009 1366 est.

331 1403 411 1472 Quod
432 1404 584 1456 Isthmicum
603 1401 812 1471 promontorium
832 1400 973 1468 Dionysius
989 1397 1053 1448 dicit
1063 1433 1076 1460 ,.

299 1490 324 1542 id
340 1489 452 1556 intellige
474 1506 529 1540 esse
545 1487 635 1539 collem
653 1487 679 1537 in
695 1504 748 1556 quo
767 1503 837 1536 nunc
852 1485 931 1535 situm
946 1493 986 1536 est
998 1483 1072 1552 oppi-

236 1611 241 1624 .
297 1572 362 1624 dum
386 1581 566 1640 nuncupatum
581 1570 681 1622 Galata,
698 1570 764 1620 Nam
785 1570 806 1620 si
820 1586 835 1620 a
851 1567 942 1638 primis
957 1565 1074 1618 saucibus

298 1658 411 1712 Ceratini
432 1659 503 1708 sinus
519 1655 612 1708 lineam
628 1653 736 1706 duceres
755 1653 788 1706 ad
805 1652 920 1724 ejusdem
944 1670 1074 1705 recessum

299 1747 435 1809 intimum,
450 1745 541 1813 inquo
555 1752 615 1794 ante
633 1739 687 1794 dini
707 1743 806 1809 regium
819 1741 908 1794 navale
920 1757 991 1803 esse,
1004 1741 1073 1792 intra

299 1829 393 1881 lineam
416 1828 560 1880 includeres
575 1827 664 1879 collem
683 1827 844 1888 Galaticum,
867 1845 899 1878 ex
920 1825 995 1896 cujus
1009 1824 1075 1894 jugo

298 1913 514 1988 prospicientibus
529 1911 609 1964 multa
624 1913 739 1982 aperitur
750 1913 898 1983 Propontis.
946 1918 948 1923 '

626 2063 674 2121 Fr.
698 2071 744 2120 25.

336 2215 399 2262 Post
422 2210 646 2281 Hipposthenem,¹
659 2211 745 2280 inquit
768 2211 925 2280 Dionysius,
948 2209 1018 2262 locris
1038 2222 1078 2262 est

300 2296 448 2369 appellatus
471 2295 577 2364 Syccdes
601 2315 619 2347 u
641 2295 810 2347 multitudine
830 2308 855 2348 et
881 2297 1077 2368 pulchritudine

263 2445 267 2450 ,
299 2383 393 2443 ficuum
403 2383 525 2435 arborum
536 2403 545 2434 :
556 2381 664 2453 quidam
677 2381 829 2434 curiosiores
844 2381 935 2434 cluunt
944 2421 950 2445 ,
960 2383 1081 2453 primurn

297 2468 375 2531 fretun
389 2469 504 2520 arborem
514 2467 608 2519 ibidem
626 2479 717 2519 natam
725 2483 786 2520 asse.
900 2523 901 2528 ,

338 2555 437 2606 Lacino
457 2553 543 2616 hunc,
562 2570 622 2604 cum
644 2551 781 2604 declarabo
798 2553 922 2621 Sycenam
945 2553 1077 2620 regionem

301 2637 428 2690 dederam
439 2641 541 2692 tertiam
553 2639 634 2702 urbis,
648 2637 782 2690 ostendam
794 2655 849 2690 esse
860 2639 988 2701 Galatam,
998 2657 1078 2708 quarn

301 2724 364 2774 olim
378 2726 501 2794 ,primum
523 2724 685 2794 appellarunt
709 2725 802 2793 Sycas,
826 2734 885 2794 post
905 2725 1077 2788 Justiniaoas,

302 2819 432 2877 postremo
447 2812 539 2862 Petam
551 2809 603 2860 sive
616 2809 742 2862 Galatam.

629 2968 677 3025 tr.
702 2976 749 3025 tu.

338 3121 403 3175 Inde
425 3121 567 3191 Dionysius
576 3162 586 3186 ,
596 3138 749 3194 persequens
762 3139 838 3173 sumu
854 3122 992 3192 (ineptum,
1003 3106 1083 3193 punit

306 3209 463 3281 Amphiarai
487 3209 633 3271 delubrrun,
655 3208 724 3279 quod
745 3209 867 3277 Byzantii
888 3209 1080 3275 'Megarensium

303 3294 387 3347 coloni
404 3282 602 3349 construxerunt
623 3294 743 3347 meritoria
758 3308 784 3347 et
801 3296 892 3347 honore
900 3308 1081 3367 prosequentes

304 3379 464 3451 Amphiarai
476 3380 557 3433 Oiclei
560 3381 585 3449 fi
587 3380 659 3435 lirini.

339 3464 527 3533 Amphiaraum
552 3481 612 3517 curn
633 3464 710 3517 ceteri
731 3464 815 3515 Graeci
843 3474 899 3517 tum
918 3467 1081 3533 Megarenses

306 3549 485 3613 honorarunt,
498 3548 577 3601 deum
588 3560 617 3600 ut
631 3548 755 3601 haberent
768 3558 845 3619 atque
856 3549 889 3601 ab
901 3548 956 3618 ejus
970 3550 1040 3614 solo,
1054 3552 1080 3603 in

305 3658 360 3711 quo
374 3640 423 3695 suit
432 3640 570 3705 humum,
584 3640 687 3693 oracula
699 3651 825 3710 peterent.

305 3786 352 3839 Vl.
365 3791 404 3839 De
417 3786 517 3839 cedibus
531 3788 623 3840 Diana
637 3788 763 3859 Lucifera
773 3802 798 3841 et
812 3791 917 3843 Veneris
931 3790 1047 3843 Placide
1057 3801 1082 3842 et

355 3870 450 3925 deloco
464 3874 584 3925 Ostreode
598 3886 622 3925 et
633 3878 735 3947 Metapa
746 3888 770 3927 et
780 3875 810 3927 de
823 3894 870 3927 ara
884 3876 1028 3949 Apollinis.

907 463 1081 524 otonrsn
1103 460 1286 522 aratura
1334 467 1341 488 ·
1402 411 1406 418 ’

1115 588 1269 658 Byzantium
1282 587 1516 656 deductrufuemt,
1529 587 1573 640 eui
1585 585 1720 659 Apollinis
1729 593 1773 640 urs
1782 587 1872 660 reliqua

1114 677 1227 740 ncmirris
1238 675 1394 728 memoriam.
1411 675 1475 728 Inde
1491 687 1531 728 est
1552 675 1641 751 Bolos,
1663 675 1737 727 isest
1747 679 1829 745 jactas
1844 680 1873 728 ul

1112 763 1284 833 piscationem
1305 762 1438 815 hibernam
1450 761 1645 833 percommodus
1668 762 1718 813 luci
1734 774 1834 822 naaria,
1850 765 1873 816 ia

1114 869 1164 921 quc
1171 861 1210 902 est
1224 851 1346 920 templum
1356 851 1451 902 Diana
1459 851 1585 917 Lucifera
1595 860 1620 901 et
1640 839 1745 900 Veneris
1757 849 1872 911 Placide,-

1114 935 1284 987 eeistimatur
1304 934 1370 986 enim
1391 934 1484 1000 largiri
1508 945 1643 985 tenturum
1665 931 1869 994 comrnalimtun,

1115 1039 1203 1092 eosque
1215 1021 1374 1073 turbulentos
1380 1019 1496 1092 placare.
1510 1020 1608 1073 Deinde
1617 1031 1657 1072 est
1665 1019 1734 1071 locus
1746 1021 1869 1078 Ostreulcs,

1115 1128 1133 1159 a
1146 1109 1229 1170 rebus,
1241 1126 1297 1178 qrue
1308 1109 1347 1160 ibi
1347 1109 1435 1178 fiunt,
1448 1108 1606 1160 nominatas.
1618 1107 1706 1160 Muris
1720 1106 1782 1157 euim
1795 1108 1871 1158 saelum

1115 1207 1256 1246 ostrearum
1273 1175 1440 1246 multitudine
1452 1193 1669 1246 exalbescerrtirun
1685 1204 1832 1243 construtam
1843 1196 1871 1263 fit

1113 1281 1278 1352 perspicuum
1291 1280 1480 1351 aspicientibus
1493 1280 1606 1332 maxime
1619 1279 1647 1331 in
1660 1277 1839 1348 tranquillitate
1852 1293 1871 1330 et

1115 1366 1199 1436 qreiete
1214 1376 1357 1419 uentorum.
1379 1364 1441 1417 Hic
1453 1377 1540 1416 autem
1558 1364 1629 1416 locus
1646 1381 1745 1434 semper
1756 1362 1802 1413 alit
1818 1365 1874 1434 qued

1118 1443 1283 1524 inrpindutur
1302 1463 1327 1503 et
1359 1451 1383 1503 in
1410 1469 1540 1504 comnume
1560 1451 1721 1518 conseratur.
1748 1453 1795 1500 Est
1818 1455 1872 1508 euim

1117 1537 1260 1590 laxrrricsis
1275 1537 1344 1589 lucus
1363 1537 1536 1603 generationis
1558 1549 1704 1589 ostrearum
1721 1535 1872 1588 contendentis

1117 1641 1271 1674 cumeorum
1279 1622 1436 1693 piscatione.
1454 1621 1580 1674 Ostreoda
1594 1621 1678 1673 locam
1688 1621 1783 1692 excipit
1794 1641 1872 1672 menra-

1113 1717 1209 1778 patum
1230 1711 1369 1780 Metopon,·
1382 1708 1429 1758 hoc
1449 1708 1498 1759 sub
1510 1719 1645 1779 aspectum
1660 1706 1733 1759 urbis
1750 1708 1871 1778 subjeetum

1117 1807 1172 1857 est,·
1186 1795 1285 1866 aspicit
1303 1794 1370 1846 euim
1387 1794 1540 1866 Bosporiurn
1551 1794 1765 1866 promontorium.
1789 1798 1871 1846 h'ounn

1119 1882 1219 1933 irruenit
1238 1883 1364 1951 afigurm
1382 1901 1443 1933 nuni
1459 1901 1492 1933 ea
1513 1881 1672 1933 continentis
1690 1893 1765 1954 purte
1780 1882 1871 1952 planum

1118 1978 1156 2016 cst
1171 1966 1277 2018 terrenis
1291 1967 1414 2027 truuulis,
1427 1986 1460 2018 rx
1467 1978 1545 2040 prate
1559 1966 1656 2027 uraris,
1670 1965 1765 2018 declive
1780 1978 1802 2018 et
1816 1986 1872 2038 pru·

1118 2068 1176 2120 ceps
1189 2072 1198 2102 .·
1213 2070 1262 2102 non
1277 2063 1361 2102 tamen
1376 2051 1464 2103 diuini
1476 2051 1619 2104 testinmnii
1632 2055 1723 2122 expers
1736 2062 1787 2110 estr
1796 2051 1871 2103 eteuiu

1119 2137 1193 2208 apud
1203 2137 1287 2208 ipsum
1304 2137 1400 2189 colitur
1416 2137 1520 2210 Apollo.

1155 2223 1193 2274 Ex
1208 2222 1248 2272 bis
1262 2223 1379 2291 Dionysii
1400 2223 1484 2274 verbis
1497 2223 1594 2274 scimus
1607 2225 1735 2293 Metopon
1751 2241 1801 2274 osse
1817 2221 1874 2274 iron-

1121 2315 1172 2357 tem
1186 2316 1245 2358 ante
1254 2307 1326 2358 urbis
1335 2307 1425 2360 oculos
1435 2309 1560 2378 positam,
1574 2325 1655 2378 quam
1665 2309 1737 2378 prius
1746 2308 1790 2358 uisi
1802 2308 1873 2374 cogni·

1120 2401 1172 2442 tam
1194 2391 1349 2455 babeamus,
1366 2393 1466 2461 assequi
1488 2379 1641 2460 nequimus,
1655 2386 1754 2443 intrim
1767 2391 1873 2462 oppidum

1120 2475 1254 2540 Galatam,
1271 2493 1304 2527 an
1327 2476 1404 2544 paulo
1418 2495 1451 2527 an
1468 2475 1543 2544 longe
1565 2485 1640 2527 extra
1663 2475 1776 2528 Galatam
1796 2474 1874 2526 sueriut

1120 2561 1216 2631 templa
1234 2563 1401 2632 Amphiarai,
1420 2565 1510 2614 Dianae
1525 2563 1655 2615 Luciferae
1669 2573 1695 2615 et
1714 2563 1816 2627 Veneris
1829 2561 1874 2614 Pla·

1120 2647 1185 2698 cidae
1196 2645 1222 2699 et
1233 2645 1304 2698 locus
1312 2645 1460 2699 Ostreodes.
1472 2647 1538 2700 Cum
1551 2648 1630 2716 igitur
1641 2647 1774 2718 nullapars
1784 2649 1875 2716 Europa

1121 2734 1206 2802 posita
1218 2735 1251 2785 sit
1264 2743 1323 2784 ante
1337 2734 1426 2785 oculos
1440 2735 1571 2804 Bymabi,
1588 2734 1712 2804 nullaque
1725 2743 1790 2784 recte
1806 2734 1874 2784 iutue-

1121 2828 1180 2870 atur
1203 2820 1414 2888 promontorium
1434 2821 1602 2890 bosporium,
1625 2819 1676 2871 nisi
1699 2817 1768 2870 collis
1788 2835 1874 2868 emmens

1123 2920 1204 2974 prope
1219 2913 1321 2973 portam
1334 2902 1431 2955 Galatae
1438 2944 1445 2968 ,
1458 2921 1518 2955 eum
1531 2902 1586 2973 ejus
1596 2903 1670 2955 frons
1682 2913 1735 2955 tota
1743 2901 1842 2972 subjecta
1850 2904 1875 2953 sit

1122 2992 1172 3043 sub
1182 3001 1313 3061 aspectum
1325 2992 1498 3061 promontorii
1511 2992 1648 3063 Bosporii,
1662 3001 1731 3063 patet
1741 2990 1806 3041 illum
1819 3008 1873 3049 esse,

1123 3096 1200 3146 quem
1214 3079 1354 3148 Dionysius
1365 3079 1473 3149 appellat
1482 3081 1624 3149 Metopon,
1638 3080 1723 3131 Graeci
1734 3074 1805 3146 hujus
1813 3077 1875 3127 atatis

1124 3165 1252 3236 appellant
1261 3183 1346 3217 acram
1359 3165 1570 3235 Spandoninam;
1588 3184 1647 3236 quae
1660 3164 1779 3234 quamsit
1792 3166 1815 3214 iu
1826 3182 1875 3214 ooo·

1123 3259 1213 3319 spectu
1232 3252 1347 3319 Byzantii
1360 3268 1405 3301 rex
1424 3249 1584 3314 Soleimanus
1595 3250 1750 3313 declaravit,
1765 3266 1819 3300 urm
1831 3247 1876 3297 nul·

1123 3336 1173 3388 lam
1188 3337 1263 3388 aliam
1279 3336 1314 3388 ob
1328 3355 1431 3390 causam
1444 3336 1471 3389 id
1486 3338 1619 3409 usurpavit
1632 3338 1711 3406 longo
1721 3337 1805 3396 virete,
1814 3351 1877 3403 quam

1125 3422 1193 3472 utin
1212 3431 1351 3490 conspectu
1365 3440 1413 3473 suo
1425 3420 1501 3473 colles
1517 3422 1624 3473 baberet
1638 3422 1704 3474 silva
1720 3421 1806 3472 virenti
1816 3419 1877 3468 vesu·

1124 3514 1178 3569 tos,
1192 3516 1218 3557 et
1229 3516 1258 3557 ut
1267 3504 1414 3558 excluderet
1423 3507 1511 3558 oculos
1525 3506 1551 3557 tu
1561 3507 1742 3570 incolentium,
1756 3503 1877 3573 despicien-

1124 3592 1190 3642 tium
1205 3592 1232 3643 in
1243 3591 1384 3643 claustrum
1393 3594 1433 3643 sui
1440 3592 1527 3661 palatii
1541 3593 1567 3643 in
1579 3593 1761 3661 promontorio
1771 3589 1877 3658 Bosporio

1124 3677 1176 3727 siti.
1186 3676 1270 3742 Quale
1282 3676 1343 3727 illud
1351 3674 1405 3745 jam
1417 3679 1466 3740 sit,
1476 3674 1641 3745 subjungam.
1654 3677 1697 3728 En
1710 3674 1805 3726 duabus
1814 3672 1877 3742 pani·

1128 3761 1177 3812 bus
1190 3763 1256 3813 mati
1267 3762 1383 3824 alluitur,
1398 3762 1431 3814 ab
1451 3773 1511 3815 ortu
1526 3762 1586 3814 solis
1606 3764 1740 3833 Bosporo,
1760 3780 1774 3812 a
1791 3756 1878 3811 meridie

1125 3847 1185 3897 sinu
1198 3846 1334 3911 Ceratioo;
1345 3848 1455 3899 interius
1462 3847 1496 3900 ad
1507 3849 1696 3917 septentriones
1709 3843 1801 3898 recedit
1815 3858 1876 3912 quam

1074 3992 1081 3997 ,
1126 3932 1198 3984 collis
1212 3932 1363 3996 Calatinus,
1376 3950 1454 4001 quem
1468 3934 1568 4003 antiqui
1580 3936 1710 4005 Sycenum
1724 3929 1876 4002 appellabant,

627 4030 677 4089 Fr.
702 4040 749 4090 tt.

340 4185 413 4244 Post,
440 4183 537 4251 inquit,
554 4182 715 4254 Amphiarai
738 4184 871 4237 delubrum
892 4196 930 4237 est
943 4184 1084 4256 Syarnphas

304 4266 383 4328 locus,
398 4268 504 4320 Auletes
527 4268 727 4328 nominatus5is
750 4288 801 4321 aaa
819 4289 876 4322 cum
899 4271 962 4324 aliis
986 4272 1084 4324 colonis

315 4390 418 4403 ——n

342 4454 386 4503 rr.
399 4457 442 4515 al.
459 4452 665 4524 Hipposthenis]
680 4456 856 4522 Megarensem
872 4472 925 4507 non
939 4456 1001 4508 novi
1017 4455 1081 4525 Hip-

307 4530 475 4601 posthenem,
497 4530 543 4583 sed
566 4534 770 4603 Hippomenem,
799 4534 911 4603 Megarei
935 4534 974 4586 vel
999 4534 1082 4585 lilium

309 4608 461 4676 (Theocrit.
477 4608 503 4669 3,
519 4613 567 4672 4ος
583 4610 735 4679 Apollodor.
754 4610 784 4673 3,
809 4628 841 4677 9;
856 4610 934 4663 Ovid.
949 4614 1013 4663 Met.
1035 4628 1081 4675 ro,

306 4684 359 4737 bob
369 4690 389 4753 ),
404 4685 444 4737 vel
456 4696 553 4755 patrem
572 4687 743 4757 (Apollodor.
760 4688 790 4751 3,
813 4689 853 4750 15,
866 4691 911 4756 8).
928 4688 1083 4759 Hipposthe-

309 4780 369 4817 nem
386 4764 611 4819 Luedaemontum
622 4767 700 4821 babes
713 4766 783 4838 apud
795 4770 904 4821 Pausau.
918 4770 945 4830 3,
961 4786 1002 4836 19,
1015 4789 1041 4837 9.
1055 4770 1081 4832 3,

312 4842 358 4905 15,
374 4859 399 4909 7.
416 4843 441 4905 5,
457 4846 482 4907 8,
496 4862 522 4911 9.

346 4926 390 4976 Fr.
401 4929 445 4975 ab.
458 4925 616 4996 Amphiarai
625 4926 767 5005 delubrum]
779 4927 821 4980 Ci.
833 4928 977 4999 Hesychius
987 4934 1082 4999 p.1l9:

302 4999 458 5072 ,hastaples
470 5000 496 5054 δὲ
509 5008 551 5055 τοῦ
563 5004 642 5075 ἥρωος
655 5004 760 5073 (lanum
775 5024 810 5058 sc.
820 5008 831 5075 )
842 5004 866 5059 lv
879 5010 933 5067 ταῖς
942 5008 1086 5078 λεγομέναις

307 5078 396 5143 Eunaia
413 5080 580 5151 (ζικοδόμησεν,
596 5084 622 5135 al
641 5082 685 5148 τὴν
697 5084 833 5154 ἐπωνυμίαν
845 5084 930 5139 ἐκτῶν
946 5089 1084 5159 σνκοφόρων

309 5156 412 5225 δένδρων
428 5150 545 5218 liliatas.
563 5159 602 5211 De
613 5162 756 5229 Megarensi
769 5162 918 5232 Amphiarai
933 5163 1006 5215 cultu
1015 5162 1085 5233 apud

311 5247 409 5288 veteres
423 5239 561 5307 scriptores
580 5237 644 5291 nibil
665 5238 785 5304 traditur,
800 5251 925 5309 quantum
944 5242 1033 5294 sciam.
1047 5244 1086 5293 Dc

1127 4027 1156 4068 ut
1169 4016 1237 4067 velut
1249 4014 1282 4068 cle
1293 4015 1420 4069 industria
1430 4017 1522 4069 cedere
1538 4017 1655 4070 videatur
1665 4017 1725 4069 colli
1739 4018 1842 4085 Syceuo,
1852 4028 1878 4061 oe

1128 4102 1163 4154 illi
1185 4114 1316 4172 aspectum
1336 4102 1397 4154 solis
1419 4105 1525 4156 orientis
1545 4104 1626 4156 tollat.
1650 4102 1759 4155 Duobus
1777 4096 1878 4152 comibru

1127 4188 1273 4257 prominet,
1295 4205 1350 4239 iano
1369 4189 1396 4238 in
1418 4189 1490 4239 sinus
1515 4190 1626 4251 ostium,
1651 4188 1733 4240 altero
1754 4188 1878 4253 inponam

1129 4274 1269 4344 Syoeuam3
1282 4272 1379 4343 triplici
1391 4273 1470 4326 latere
1479 4272 1644 4343 deprimitur,
1655 4262 1743 4343 primo
1752 4272 1777 4323 iu
1789 4266 1877 4334 vallon,

1127 4456 1222 4521 Argivo
1243 4455 1392 4524 Amphiarai
1415 4456 1475 4508 fano
1489 4474 1513 4508 ν.
1525 4452 1683 4518 Pausanias,
1699 4472 1715 4506 a
1723 4494 1731 4518 ‚
1746 4455 1787 4515 23,
1800 4469 1822 4503 a.
1838 4451 1880 4501 hul

1126 4532 1187 4583 binc
1201 4533 1227 4582 in
1240 4534 1387 4601 Bosporum
1401 4534 1538 4584 translatus
1555 4534 1632 4585 luerit
1648 4534 1734 4586 herois
1747 4531 1832 4590 cultus,
1845 4536 1880 4577 aut

1125 4608 1322 4662 ecelebemitna
1341 4608 1396 4678 ejbs
1414 4610 1474 4661 sede
1495 4613 1607 4673 Breotia;
1623 4629 1682 4662 nam
1703 4613 1770 4662 inter
1783 4603 1879 4676 Bpautii

1128 4688 1234 4739 colonos
1247 4688 1324 4739 etiam
1342 4691 1445 4741 Bructos
1459 4688 1537 4741 fuisse
1550 4688 1629 4742 tradit
1642 4688 1819 4741 Constantinus
1830 4684 1880 4734 Por·

1126 4766 1202 4835 phyr.
1219 4767 1258 4815 De
1272 4765 1352 4819 them.
1365 4784 1391 4830 a,
1402 4786 1429 4837 p.
1443 4772 1476 4830 46
1491 4767 1533 4818 ed.
1545 4769 1620 4819 Boon
1632 4784 1639 4818 :
1652 4767 1715 4819 Abel
1726 4765 1751 4817 δὲ
1765 4764 1791 4815 τὸ
1804 4760 1880 4818 Bolb-

1126 4862 1178 4896 τιον
1203 4842 1336 4911 Μεγαρέων
1363 4844 1405 4896 nel
1427 4846 1623 4914 Λακεδαιμονίων
1651 4833 1692 4897 nal
1716 4844 1822 4894 Βοιωτῶν
1830 4838 1883 4884 ὶῠῖῑ*

1127 4926 1235 4978 ἀποικία.
1251 4923 1330 4976 Aliud
1344 4929 1494 4999 Amphiarai
1506 4926 1645 4979 delubrum
1658 4938 1684 4979 et
1695 4923 1823 4978 oraculum
1836 4935 1880 4969 me·

1129 5013 1244 5057 moratur
1259 5001 1291 5054 lr.
1306 5007 1350 5065 4ο.

1164 5085 1209 5134 l'r.
1222 5096 1265 5146 27.
1282 5084 1388 5136 Veneris
1401 5083 1535 5153 Placide]
1551 5082 1686 5153 Ἀφροδίτης
1699 5076 1834 5143 taquam.
1847 5068 1881 5125 Cl-

1129 5154 1295 5215 Philodemus
1317 5161 1344 5211 in
1368 5161 1474 5218 Aotbol.
1495 5160 1575 5215 Palat.
1601 5176 1709 5225 10,21:
1730 5156 1802 5224 Eleu
1818 5149 1881 5225 pab-

1130 5242 1194 5304 νιῐη.
