3884 5925
168 448 173 453 '
264 448 303 498 ss
526 490 532 504 .
880 445 1049 506 DiONYSIi
1073 447 1252 512 sumitur

262 568 330 622 Nun
344 585 374 622 es
388 580 434 624 aut
450 580 490 624 tot
504 589 550 642 per
564 573 649 626 semia
663 573 877 628 edificationibus
887 575 1043 639 obrutasst,
1090 583 1389 652 nuncupatisdecoussi,
1402 586 1490 642 sutab
1500 590 1538 642 cis
1550 588 1701 659 nonime,
1710 601 1876 662 portumque

263 665 310 708 aut
321 672 337 708 a
347 656 441 710 turcis
457 656 556 711 inclusa
573 657 676 712 tenetur
691 661 760 714 intrs
776 659 899 722 aediiicia,
916 675 975 730 qnae
990 661 1045 731 ipse
1087 664 1304 737 iduumpuridem
1314 687 1370 723 esse
1384 673 1453 725 iuter
1466 676 1644 745 Argymnium
1662 685 1690 728 et
1702 677 1789 730 rimus
1800 679 1876 730 tisr-

262 751 384 794 excutere
399 761 453 796 nun
469 746 543 815 potui
555 763 561 798 ι
572 754 618 798 aut
634 745 741 800 iurtasse
754 747 854 817 poetice
869 745 971 800 iucutus
987 756 1043 799 est:
1089 768 1205 806 mursam
1213 755 1482 828 smismuppeiiaturn,
1493 761 1619 815 nimirum
1629 766 1873 818 essesutMuuucu·

264 825 339 899 quod
352 845 406 882 uun
426 827 511 884 soient
523 830 624 902 physici
637 844 720 904 puetae
739 835 767 886 in
785 832 959 906 descriptione
974 833 1044 886 iucu-
1089 836 1132 890 ion
1145 850 1190 892 sut
1206 842 1358 911 proximum
1375 846 1480 911 sinum,
1501 847 1546 900 ubi
1563 849 1659 902 iiurius
1672 861 1757 903 versat
1768 851 1871 910 moins.

262 933 333 971 rum.
361 917 401 970 Ex
412 916 549 971 untetiictis
559 918 636 972 Piinii
646 921 802 991 perspicitur
811 937 865 974 nun
882 920 963 974 modu
970 938 1046 974 error
1088 928 1352 1000 promunturiumque
1365 934 1563 1004 Aeturynchum
1583 935 1695 988 existere
1710 936 1823 990 sites-um
1838 955 1873 990 ex

262 1002 383 1072 ponentis
400 1003 517 1056 Laurum
533 1004 651 1057 insanam
664 1015 690 1057 ct
703 1005 852 1076 scpuicrum
866 1005 955 1076 Amyci
971 1015 1044 1058 extra
1087 1010 1192 1064 duobus
1209 1018 1462 1084 promunturiissitis
1477 1021 1505 1071 in
1525 1019 1618 1084 hortu,
1641 1032 1669 1074 et
1686 1039 1764 1092 quem
1783 1023 1873 1076 Graeci

262 1089 409 1158 Bospunrm
419 1088 446 1139 in
458 1097 543 1142 tractu
557 1089 686 1143 Her-scien
697 1092 821 1154 Pontius,
829 1089 875 1142 sed
884 1092 962 1144 etiam
975 1090 1044 1160 ejus·
1087 1101 1296 1154 vomnt‘iisrcun
1305 1117 1437 1177 corrupte,
1449 1107 1523 1176 qussi
1531 1108 1726 1179 Acturynchun.
1746 1107 1871 1172 Paludes,

254 1171 324 1228 dem
349 1174 447 1237 incerta
470 1179 656 1230 commentatio
683 1177 764 1231 mudo
792 1179 912 1249 ponentis
938 1186 1043 1248 portum
1087 1200 1152 1253 quas
1162 1196 1223 1257 pust
1234 1189 1322 1241 sinum
1331 1193 1460 1261 Amycum
1472 1195 1546 1263 ponit
1559 1196 1711 1265 Dionysius,
1723 1194 1833 1248 iuerunt
1843 1198 1872 1248 in

259 1259 354 1329 Amyci
368 1273 441 1314 extra
454 1261 616 1332 Bosporum,
632 1262 712 1316 modu
728 1264 796 1317 iutra
808 1263 970 1334 Bosporum,
983 1281 1043 1316 cum
1087 1273 1162 1337 sinu,
1181 1290 1260 1343 quem
1275 1275 1352 1345 urigo
1365 1289 1458 1331 vocant
1474 1279 1629 1342 Soitanism,
1649 1299 1665 1333 a
1682 1281 1789 1334 Soitsno
1808 1300 1872 1350 rege

261 1353 302 1397 tut
318 1361 351 1398 ex
368 1345 533 1410 auctoribus,
553 1364 619 1417 quus
638 1348 714 1412 citat,
734 1348 895 1419 apertissimo
914 1347 1044 1402 declarare
1087 1359 1250 1426 soluimus),
1264 1364 1311 1433 qui
1322 1365 1350 1415 in
1359 1381 1392 1416 ω
1402 1364 1543 1419 sai-dmum
1554 1366 1717 1420 luculentum
1730 1369 1786 1434 (sic
1797 1369 1871 1420 enim

260 1430 388 1499 potuisset
406 1432 523 1484 hurum
540 1433 657 1486 insanam
679 1443 712 1486 ‘st
729 1432 878 1505 sepulerum
899 1433 993 1502 Amyci
1018 1443 1045 1486 et
1086 1448 1167 1500 Tomi
1180 1449 1311 1520 appeliant
1328 1451 1431 1504 tholum
1446 1452 1564 1523 undique
1579 1452 1769 1524 fenestratum)
1782 1455 1811 1507 in
1828 1453 1873 1506 tit·

260 1524 368 1584 portum
376 1517 468 1587 Amyci
478 1533 533 1570 &⁸0
542 1518 610 1570 inim
618 1518 774 1588 Βθψῡΐῑῑῐῐὶ·
811 1517 953 1571 flffmiffl
969 1519 1043 1587 58⁰⁰·
1087 1542 1145 1586 ture
1158 1533 1294 1589 aediiiuuvit
1307 1554 1368 1590 curn
1391 1537 1474 1590 hortis
1485 1548 1511 1591 et
1524 1537 1593 1591 siivis
1604 1548 1633 1591 et
1647 1537 1747 1592 adibus
1759 1540 1840 1608 regiis
1862 1557 1869 1592 :

260 1600 387 1656 suendum
405 1613 459 1668 est,
479 1613 607 1674 quatenus
623 1604 731 1658 iortssss
748 1622 803 1658 non
822 1603 923 1656 viderat
940 1606 1043 1658 Arriani
1086 1620 1132 1672 ubi
1155 1622 1310 1693 priusquam
1334 1623 1425 1676 hortos
1445 1622 1486 1676 5110
1507 1625 1705 1687 masmim,
1726 1642 1742 1678 a
1762 1608 1872 1678 simibus

261 1689 411 1761 Peripiusn,
424 1707 509 1761 neque
523 1692 641 1764 Dionysii
651 1693 782 1765 Ampium
794 1709 801 1746 :
814 1702 841 1745 st
852 1690 952 1745 viderat
963 1693 1043 1764 Apui·
1086 1707 1258 1778 piscatoribus
1268 1709 1356 1779 περὶ
1370 1707 1468 1761 ibidem
1478 1708 1585 1779 paud„
1601 1727 1616 1762 ῃ
1629 1708 1777 1764 sommo
1787 1710 1869 1763 obm.

260 1772 378 1842 iunium,
395 1791 475 1846 quem
484 1776 547 1830 citat
555 1776 589 1830 ad
604 1777 786 1848 probandum,
800 1777 846 1830 ubi
860 1787 927 1829 esset
942 1779 1044 1832 laurus
1086 1803 1140 1856 ω,
1161 1792 1276 1847 alifien,
1289 1795 1423 1865 hortisque
1440 1805 1579 1866 οωῃμω
1602 1793 1699 1850 fuisse:
1722 1807 1802 1868 atque
1822 1798 1869 1851 uhi

253 1861 351 1913 insum
365 1869 391 1913 et
404 1870 497 1931 portin
506 1863 599 1932 Amyci
611 1872 637 1915 ei
652 1863 801 1934 ”pulcrum
818 1865 974 1935 Amyci²0x
988 1881 1043 1934 ί1110
1086 1896 1158 1931 nunc
1171 1879 1313 1932 Sardacum
1329 1891 1356 1933 et
1373 1890 1459 1934 uetera
1479 1879 1587 1934 ndiiicis
1605 1882 1736 1946 existunt,
1753 1883 1869 1936 insulam

260 1949 362 2018 assequi
371 1957 474 2018 poterat
484 1947 527 2000 iiis
537 1965 592 2001 esse
597 1947 673 2018 juxta
683 1951 846 2021 Bosporum
860 1961 918 2004 tum
929 1951 1043 2005 maxim
1086 1968 1159 2038 prius
1172 1969 1287 2020 extitisse
1301 1965 1490 2022 circumdatum
1501 1968 1567 2019 mari
1576 1965 1675 2020 vsdosu
1684 1965 1738 2038 jam
1751 1965 1868 2032 obruto,

260 2049 294 2084 0¹
314 2033 461 2103 Siethr
484 2051 563 2104 quem
583 2033 790 2105 frequentissime
806 2033 898 2100 *ffefir
918 2036 1042 2106 ⁰⁰¹¹³⁶ii¹¹i
1085 2053 1203 2124 arcisque
1213 2052 1335 2124 projectis
1347 2055 1375 2106 in
1387 2052 1479 2106 hortus
1490 2050 1606 2105 redacto.

259 2117 335 2173 inuiis
345 2129 447 2191 poterat
456 2131 562 2192 portum
572 2122 674 2174 laurus
685 2122 782 2174 insanae
795 2139 851 2176 csse
863 2123 892 2174 in
905 2139 951 2176 ure
963 2124 1041 2176 Ponti

261 2207 289 2259 in
307 2205 400 2260 dextra
423 2207 603 2276 nauigantibus
620 2225 653 2260 ex
673 2209 834 2278 Propontide
858 2210 885 2261 in
908 2210 1041 2273 Pontum,
1085 2206 1147 2260 vn.
1168 2209 1205 2258 De
1225 2205 1287 2258 sinu
1303 2207 1445 2271 mimum
1466 2203 1498 2257 de
1507 2205 1700 2276 promuntorio,
1713 2202 1785 2275 quud
1805 2204 1870 2256 Diu-

262 2293 313 2348 nisi
327 2291 435 2347 sortasse
453 2293 570 2347 codicem
590 2295 713 2365 Stephani
727 2295 897 2366 deprevatum
917 2313 971 2348 nun
985 2296 1041 2348 ani·
1121 2293 1338 2363 nysiueuppeiim
1355 2283 1486 2360 ὀξύρρουν,
1500 2303 1526 2344 et
1535 2302 1618 2364 portu
1637 2291 1751 2354 Pirum
1762 2290 1794 2344 cle
1803 2309 1868 2364 pro·

260 2377 414 2442 madrenit,
436 2381 463 2432 in
477 2395 532 2450 qno
549 2379 619 2432 edita
638 2389 678 2432 est
702 2374 795 2451 Δάφνη
829 2372 973 2451 φαινομένη
992 2399 1041 2452 pru
1121 2377 1247 2430 montorio
1261 2378 1354 2431 Lcmbu
1371 2389 1522 2449 uumetputo
1529 2389 1555 2429 et
1565 2377 1598 2429 de
1609 2376 1696 2430 insuia
1705 2377 1814 2444 eximia.

260 2458 418 2535 perrupisti.
465 2470 532 2534 Quis
561 2468 668 2538 quidem
689 2469 800 2540 paucula
823 2471 845 2522 si
869 2470 1039 2532 hermoinus,

257 2551 409 2623 diiigentiur
430 2555 610 2626 peregrinator
631 2555 761 2609 iibrorum
784 2573 864 2628 quam
885 2558 1039 2625 regionum,
1416 2521 1464 2580 Fr·
1486 2529 1534 2582 ⁶³·

258 2639 438 2710 ⁰¹Pffldi⁸⁵022
461 2639 579 2711 Ρῖθῖθθω
602 2643 630 2694 ῖΰ
646 2642 824 2714 wullipiioeffl
848 2661 965 2696 errorem
987 2661 1040 2696 ¹100
1121 2653 1184 2704 Post
1198 2650 1304 2721 (inquit
1315 2650 1475 2720 Dionysius)
1485 2646 1600 2703 Puimies
1613 2647 1780 2718 subsequitur
1789 2645 1869 2699 sinus

258 2723 406 2790 incidisset,
422 2726 468 2796 qni
483 2735 513 2780 ui
525 2725 619 2797 probet
632 2727 659 2779 in
674 2727 758 2785 Piiniu
771 2745 847 2799 posse
865 2728 914 2798 iegi
933 2740 1040 2800 portum
1084 2741 1251 2800 nuncupatem
1266 2719 1443 2797 Kstdyysrm,
1461 2730 1498 2776 cre!
1511 2743 1539 2780 se
1552 2726 1667 2780 mutinae
1688 2723 1811 2779 siriciess
1822 2725 1867 2796 pi-

260 2810 353 2882 Amyci
362 2821 397 2875 ¹¹,
407 2821 495 2864 tornes
507 2812 536 2864 in
549 2813 667 2884 Bosporo
678 2831 732 2866 non
745 2815 799 2868 vuit
812 2815 953 2885 inteiiigere
967 2816 1039 2869 iiium
1083 2832 1147 2878 sees,
1157 2816 1183 2869 si
1194 2815 1254 2886 quis
1264 2815 1341 2880 aiter,
1352 2814 1482 2886 oepotius
1493 2813 1530 2881 (si
1543 2812 1614 2866 nihii
1622 2812 1694 2865 decet
1704 2811 1878 2883 supprimere·

256 2911 326 2960 esse,
348 2895 394 2949 sed
411 2895 482 2950 haud
500 2897 592 2969 procui
613 2915 629 2951 a
647 2900 782 2972 Bosporo,
802 2917 897 2973 nempe
910 2902 937 2954 in
957 2911 1041 2955 tractu
1082 2920 1139 2953 eum
1156 2901 1203 2973 qui
1221 2900 1360 2954 ueritaieru
1379 2899 1464 2971 dicit)
1480 2898 1552 2952 soius
1570 2916 1604 2951 ex
1621 2897 1712 2950 littore
1725 2895 1866 2950 chalcedo·

257 2984 396 3039 iiuaeieae.
433 2987 464 3038 in
483 3001 537 3056 quo
556 2984 733 3057 ntuitipiioiter
751 2985 902 3059 decipitur:
923 2991 1039 3061 primum
1082 2990 1184 3042 reiorum
1196 2999 1236 3041 est
1249 2987 1444 3059 benepiscosus.
1460 2990 1643 3039 Verumtamen
1656 2994 1758 3037 tastum
1770 2982 1868 3052 diffirt

256 3071 379 3140 ignorans
400 3080 507 3141 portum
530 3072 623 3141 Amyci
645 3088 701 3125 essu
723 3074 792 3125 intra
814 3076 976 3145 Bosporum
999 3094 1039 3129 sc·
1082 3078 1117 3129 ub
1130 3080 1266 3148 Europae,
1280 3086 1407 3146 quantum
1415 3061 1866 3142 disseremureueerru.’iiu’uiu]i

154 3148 160 3159 '
256 3156 345 3211 cundo
364 3159 480 3211 Inurum
491 3159 608 3211 insanum
624 3168 650 3211 et
665 3159 813 3231 sepuicrum
831 3163 923 3231 Amyci
939 3179 1039 3233 ponens
1082 3154 1202 3234 ὀξύρροιις
1216 3156 1284 3234 diepa
1308 3162 1374 3230 (Ιιοο
1387 3172 1442 3225 est,
1458 3160 1485 3212 ιἰι
1506 3160 1564 3230 ipsu
1581 3157 1626 3210 uei
1639 3167 1704 3229 port
1718 3156 1807 3228 ipsum
1825 3167 1865 3208 est

255 3254 329 3297 extra
340 3246 502 3315 Bosporum
515 3246 594 3299 tertio
611 3246 692 3298 Amni
708 3256 815 3317 portum
827 3255 853 3299 et
868 3249 976 3301 Ananim
996 3264 1039 3300 ur-
1079 3248 1284 3321 promontorium
1306 3246 1497 3315 Oxyrriuum).
1536 3248 1601 3297 Post
1621 3241 1785 3311 ommam
1805 3258 1865 3294 suc-

255 3330 317 3383 bem
328 3340 442 3387 statuens
450 3329 527 3403 juxta
540 3331 704 3402 Bosporum:
725 3348 840 3403 quorum
854 3350 933 3387 nemo
946 3336 1038 3387 memi·
1081 3334 1171 3388 cedens
1193 3332 1270 3387 littus
1285 3332 1397 3404 pianum
1409 3342 1435 3383 ee
1459 3330 1569 3382 muitum
1594 3328 1746 3401 appellatur
1765 3326 1865 3381 Phrixi

246 3417 305 3481 ¹nit,
319 3434 354 3469 ne
368 3416 510 3487 Dionysius
526 3415 651 3486 quidem:
666 3434 728 3471 cum
739 3419 835 3475 Annis
846 3419 879 3471 sit
891 3429 964 3472 extra
976 3421 1039 3473 Bus-
1079 3432 1191 3492 purtim,
1215 3430 1279 3491 pust
1302 3434 1376 3489 quem
1398 3415 1467 3468 ulter
1483 3426 1580 3486 portus
1597 3425 1624 3467 et
1647 3412 1739 3466 Phiela
1759 3412 1866 3465 Choice·
1891 3406 1895 3411 ’

255 3518 351 3574 porum
364 3512 429 3556 testa
445 3502 572 3561 Strabone
588 3506 637 3575 (p.
648 3502 737 3573 576),
751 3504 796 3575 qui
808 3506 845 3558 ait
858 3522 890 3559 ex
902 3506 1039 3561 Azanitide
1082 3506 1219 3561 duriorum
1239 3502 1318 3557 auide
1325 3514 1472 3575 potentum.
1503 3491 1568 3553 'Eri
1581 3490 1609 3552 di
1624 3492 1695 3570 αὐτῷ
1708 3497 1825 3565 (mese,
1838 3497 1867 3549 ιἰι

254 3588 427 3661 Rhyndscurn
448 3591 555 3643 exoriri.
593 3593 652 3644 iam
670 3592 781 3661 cognitis
806 3596 907 3663 Amyco
930 3592 988 3646 iuuu
1011 3604 1037 3647 et
1083 3594 1141 3664 ipsu
1167 3592 1211 3644 uei
1236 3601 1301 3662 post
1324 3589 1429 3661 ipsum)
1444 3586 1538 3640 Piieia
1556 3598 1597 3639 est
1616 3584 1733 3639 tumuius
1750 3584 1866 3657 supinus

254 3678 356 3746 Amyco
368 3676 438 3740 sinu,
451 3676 631 3746 cognoscimus
647 3678 820 3749 Nymphaeum
831 3678 1037 3733 Chaicedonium
1081 3690 1107 3731 ee
1122 3676 1263 3739 rutundus,
1275 3674 1404 3728 incircuii
1414 3675 1526 3741 figuram
1538 3672 1752 3727 circumscribens
1765 3672 1863 3725 busim.

256 3772 322 3816 toste
334 3761 462 3816 Androeta
474 3762 592 3818 Tenedio
606 3762 704 3823 distans
718 3764 836 3835 quinque
853 3766 936 3821 stadia
951 3784 966 3819 a
980 3768 1038 3820 riou
1085 3764 1224 3817 Theatrum
1236 3760 1337 3833 uliquis
1349 3761 1504 3830 conjectaret
1515 3776 1542 3812 se
1561 3758 1649 3813 uidere
1663 3757 1837 3829 improvisum
1847 3775 1866 3809 ιι

254 3857 408 3921 nuncupato
426 3850 575 3905 Marmorea
588 3848 655 3905 sosia
667 3867 738 3917 esse,
756 3852 843 3907 autin
863 3852 941 3921 regiis
954 3852 1037 3906 hortis
1080 3860 1177 3903 uatum
1191 3848 1373 3902 coustitutum.
1403 3849 1487 3918 Pmpe
1507 3856 1595 3899 autem
1605 3856 1646 3898 ese
1653 3844 1864 3917 promturiusrs

287 4088 331 4127 at.
344 4076 423 4126 Posse
434 4072 596 4145 iegipomum
607 4074 717 4147 Amyci]
728 4074 909 4145 Sciiiuetspud
919 4075 1033 4129 Plinium
1078 4074 1161 4125 tinore
1174 4070 1343 4144 probabiliter
1363 4080 1482 4123 statuunt
1503 4070 1661 4143 Hammerns
1677 4078 1705 4122 et
1722 4068 1860 4124 iduitkius.

253 4151 279 4214 5,
293 4152 337 4216 43,
355 4151 405 4204 150
418 4168 467 4222 pru
481 4164 575 4225 portus
588 4152 696 4231 Amyci,
707 4152 779 4224 quud
798 4152 880 4205 oudex
901 4152 1033 4209 stracten-
1078 4152 1163 4203 Etiam
1176 4168 1236 4205 cum
1252 4151 1326 4205 Fauo
1340 4151 1454 4204 Asiatico
1467 4149 1621 4202 memorium
1631 4148 1723 4202 Phrixi
1734 4146 1862 4216 uriny'nnc·

237 4230 395 4307 ibus-gianus
406 4240 432 4283 et
443 4228 521 4283 codd.
537 4230 639 4289 Gelenii
652 4232 764 4297 habent,
778 4231 805 4285 in
818 4230 925 4303 reiiquis
939 4232 1033 4301 iegitur
1077 4239 1130 4282 tam
1146 4228 1224 4282 inisse
1238 4245 1317 4299 supra
1328 4226 1451 4287 vidimus.
1469 4228 1584 4298 Sequens
1596 4236 1713 4298 portus,
1728 4226 1761 4278 sd
1779 4243 1861 4296 quern

251 4307 372 4370 Acirimi,
395 4310 508 4378 Acy·my‚
526 4309 629 4379 Acymi,
645 4320 672 4363 et
693 4312 721 4363 in
741 4308 876 4364 codicibus
899 4310 1032 4365 iicrmuiai
1078 4310 1165 4363 Phiela
1184 4318 1250 4373 erat,
1272 4306 1416 4363 A'uuiidciu
1429 4307 1517 4359 iucue
1534 4306 1613 4376 Gyiiii
1628 4305 1757 4358 sententis
1770 4306 1862 4374 prusi-

250 4386 360 4445 Barhari
370 4385 453 4441 Asini
461 4396 487 4439 et
495 4386 593 4449 Acutri,
606 4386 677 4443 unde
685 4389 840 4441 Hermolaus
848 4386 978 4445 Barbarus
988 4398 1033 4440 aut
1080 4406 1138 4442 mus
1154 4388 1233 4441 fuisse
1255 4384 1349 4450 debon
1373 4385 1480 4438 ubinam
1507 4385 1672 4455 potissimum
1691 4382 1861 4435 uoiiuosndus

251 4467 341 4526 Asana·
351 4478 397 4521 aut
405 4466 490 4523 Aauri
501 4467 702 4539 legendumesse
712 4469 821 4539 putarit.
1077 4467 1126 4531 sit,
1138 4484 1187 4536 sgu
1202 4464 1290 4518 diuers
1309 4481 1364 4517 non
1377 4463 1477 4528 habeo,
1496 4462 1543 4516 sed
1561 4461 1680 4516 isciiiima
1695 4459 1824 4529 dijudicet
1838 4465 1860 4515 is

285 4546 331 4600 Fr.
346 4546 389 4598 63.
409 4545 565 4616 &ungium
577 4546 749 4619 (Κατάγγειοι
758 4545 779 4617 ),
793 4544 871 4617 Gyiiii
889 4554 964 4599 aetste
983 4546 1032 4599 Gn·
1077 4545 1120 4598 cui
1131 4544 1186 4597 suis
1202 4542 1259 4597 ioca
1271 4541 1353 4595 ocuiis
1365 4558 1494 4612 usurpare
1505 4540 1575 4595 iiuet.
1589 4570 1625 4581 -
1637 4540 1667 4592 1ο
1679 4538 1766 4591 verbis
1779 4536 1821 4591 iai
1832 4538 1860 4591 tt
1875 4610 1881 4617 1

250 4624 361 4676 staciurn
375 4622 485 4688 dictum,
498 4624 677 4693 inteiiigeeum
690 4625 769 4681 maris
782 4640 928 4686 recessum,
939 4624 981 4675 cui
993 4624 1033 4675 in·
1077 4620 1143 4694 αὑτῷ
1156 4620 1325 4676 oiiendimus.
1345 4620 1411 4672 Nam
1426 4620 1448 4671 si
1460 4637 1490 4672 es
1505 4619 1618 4690 espiiccs
1632 4635 1639 4671 :
1653 4616 1693 4671 tat
1702 4616 1729 4670 ii
1740 4614 1806 4686 οὖτῳ
1823 4621 1861 4687 τῷ

251 4701 317 4754 timu
328 4700 428 4773 adjacet
445 4702 596 4765 Tchibuulrii
605 4701 685 4755 iocus.
706 4700 833 4773 Ὀξύρροιις
848 4701 910 4771 ἄκρα
920 4710 958 4754 est
972 4719 1032 4755 mu·
1075 4700 1173 4773 iusim,
1186 4700 1253 4753 mira
1266 4709 1304 4752 eu
1316 4698 1415 4751 mentio
1427 4696 1539 4768 dupiicis
1549 4696 1661 4761 Phieiae;
1672 4697 1713 4749 sin
1726 4694 1755 4747 in
1766 4696 1859 4763 graccis

180 4821 186 4835 .
250 4796 298 4831 cru
308 4781 484 4850 promunturii
497 4782 566 4834 inter
583 4780 736 4835 ratitum·
747 4790 773 4833 et
783 4778 926 4833 Kouiidclic
940 4778 1029 4844 medii,
1069 4777 1155 4835 'fuisse
1166 4790 1241 4851 putes
1257 4796 1264 4836 τ,
1280 4776 1320 4831 ἐπὶ
1339 4776 1366 4831 tt
1378 4776 1443 4849 αιἰτῷ
1454 4782 1490 4847 τῷ
1504 4774 1585 4847 Φιίλᾳ
1597 4775 1674 4846 λόφος
1692 4772 1745 4826 iuri
1757 4772 1857 4836 ὕπτιος,

249 4856 322 4927 quud
336 4860 461 4927 Magnum
476 4858 548 4913 Glari
559 4858 769 4931 promuntorium
779 4859 889 4912 seriores
897 4857 1029 4912 dicebant.
1076 4859 1103 4910 iu
1114 4856 1327 4911 antecedentibus
1335 4855 1527 4909 nominativum
1540 4853 1646 4907 Phieius
1656 4852 1857 4923 exspectaretis.

249 4938 317 5005 Quae
330 4934 453 5007 deinceps
461 4936 589 5007 legimus:
606 4938 726 5011 Sequitur
736 4938 801 4991 litus
805 4937 917 5011 pianum
930 4946 956 4989 et
965 4936 1030 4989 mui-
1076 4938 1201 5008 Suspicor
1224 4934 1303 4988 fuisse
1324 4933 1361 4987 ὕπ’
1382 4932 1445 5005 οὔτῇ
1466 4932 1493 4989 hi
1514 4935 1546 5004 τῇ
1565 4931 1667 5004 Φιάλη,
1688 4929 1859 5000 Phiaiarnque

250 5025 306 5068 tum
322 5014 417 5069 Phrixi
433 5028 528 5089 portus
549 5018 725 5091 appeliatum,
745 5016 839 5071 eodem
860 5015 941 5069 modu
960 5014 1031 5067 dicta
1075 5032 1168 5069 censeo
1181 5014 1267 5067 iocum
1286 5012 1365 5067 inisse
1383 5010 1531 5082 cujusmodi
1547 5012 1602 5065 duo
1616 5008 1858 5079 Possuntinupuiis

249 5104 373 5167 suntquu
389 5094 497 5163 legimus
511 5097 525 5163 S
540 5099 574 5163 49
590 5114 596 5149 :
611 5096 713 5163 longum
727 5094 791 5147 litus
812 5098 933 5147 umectum
946 5093 1031 5165 Epire·
1075 5094 1132 5147 ium
1145 5094 1239 5146 Φιάλαι
1252 5092 1337 5157 dicta,
1347 5091 1486 5163 dequibus
1497 5090 1558 5144 vide
1573 5088 1739 5159 Dncsngium
1750 5088 1858 5140 influu-

249 5171 347 5231 siurum
355 5182 458 5245 purius,
472 5176 524 5241 et§
539 5173 572 5227 56
591 5189 598 5226 :
615 5174 698 5228 lutum
718 5173 783 5227 litus
800 5172 844 5226 cui
860 5192 948 5226 ιιοιιιιιι
961 5176 1031 5225 Ραιι-
1075 5183 1154 5226 stant.
1168 5172 1266 5226 Christ.
1279 5171 1316 5225 iib
1328 5187 1355 5235 a,
1371 5188 1398 5242 p,
1415 5174 1461 5223 tiis
1477 5179 1504 5223 ct
1515 5169 1561 5222 iib.
1575 5170 1602 5233 3,
1614 5184 1642 5240 p.
1654 5183 1698 5221 ur.
1710 5166 1800 5220 Aiten
1810 5165 1856 5216 ha·

250 5251 366 5311 uitium.
379 5252 470 5309 Phrixi
486 5262 592 5323 portum
604 5251 637 5306 ad
649 5252 806 5307 hodiernum
821 5250 1030 5323 Auuiidchepcr·
1074 5269 1134 5305 rum
1149 5252 1253 5322 porticu
1270 5248 1430 5303 circumdata
1437 5259 1502 5316 crat,
1518 5247 1551 5303 sd
1568 5247 1675 5307 citerus
1693 5262 1756 5299 reru
1777 5242 1855 5315 βάθρα
