3884 5925
250 455 291 510 as
338 407 343 418 ’
866 445 1041 506 nroursn
1062 445 1246 508 nrzmrn

279 579 420 652 Byzantios
431 576 538 630 colonos
549 577 741 644 Megarensium
755 576 843 643 lingua
859 575 956 628 Dorica
968 591 1029 626 usos
1074 575 1145 645 quod
1162 577 1268 631 muniri
1282 580 1434 650 perleoibas
1453 593 1479 633 er
1496 582 1638 655 perparvis
1662 583 1777 652 nas-ipiis
1794 602 1863 658 per·

226 671 228 674 ’
247 667 342 732 iuhse,
359 681 419 718 cuns
437 681 469 716 ex
482 663 521 715 his
535 677 679 728 cognosco,
694 669 751 712 turn
773 663 854 730 magis
871 678 901 713 ex
924 661 1028 732 psephi-
1075 660 1156 713 menri
1169 673 1193 714 et
1210 663 1321 716 transiri
1329 677 1419 739 potest
1437 667 1469 720 oi
1481 685 1552 720 mare
1565 667 1672 721 minicae
1686 669 1864 742 prostitulam.

247 765 343 818 ornate,
356 750 429 824 quod
447 749 605 819 aByrantiis
618 747 753 800 decretum
775 747 929 816 ingratiam
950 747 1029 800 Atlio-
1073 748 1199 802 morines
1211 753 1420 818 autern'dinneoe
1436 765 1461 806 et
1480 772 1563 826 supra
1579 773 1649 812 mure
1670 755 1760 822 elutoe,
1780 776 1863 830 uspe-

245 841 377 896 niensium
389 835 581 901 Demosthenes
586 835 650 888 citat
660 844 751 886 contra
762 833 921 887 AEschinem.
939 859 949 880 ι
962 839 1026 895 Dos,
1039 873 1045 883 .
1075 847 1144 888 ctum
1157 850 1271 904 gerentes
1282 839 1394 892 similem
1403 836 1501 911 κυανῷ,
1515 841 1569 895 sire
1581 861 1599 894 n
1609 854 1677 895 term
1686 844 1859 913 multiformi,

246 929 333 1000 inquit
344 927 446 988 Varro,
459 923 509 976 erit
517 921 639 995 pecrrnio,
653 921 679 974 si
689 920 844 992 nuptiarum
855 938 935 979 corno
946 921 1029 983 ΔΜ,-
1074 922 1172 975 siccae
1186 925 1340 991 refractione
1351 927 1443 980 neoris.
1480 932 1566 999 Supra
1577 933 1688 995 Cyaneos
1701 948 1751 981 nm
1762 931 1865 984 existit

245 1013 300 1066 taec
311 1017 398 1066 Groece
412 999 506 1072 δωτίνη
520 1008 579 1061 :ita
589 1008 657 1060 euim
668 1008 723 1059 lroec
731 1025 749 1058 a
760 1007 856 1061 Siculis
867 1009 1026 1062 nonrirrutrrr.
1074 1011 1209 1082 Apollinis
1221 1032 1239 1065 o
1250 1014 1373 1066 Romanis
1384 1025 1498 1068 stateem.

280 1103 339 1155 Jam
353 1115 415 1150 varo
431 1107 460 1150 nt
481 1095 514 1148 ab
529 1094 594 1148 urhe
605 1095 728 1166 Byzantio
748 1092 782 1146 ad
795 1093 907 1164 pharum
920 1107 946 1148 et
963 1097 1028 1166 Cya-
1109 1099 1324 1151 Promontorium
1343 1101 1454 1152 Panium
1474 1110 1559 1155 totum
1579 1119 1686 1153 saxeum
1702 1102 1767 1154 nihil
1784 1103 1864 1156 aliud

241 1203 307 1238 neas
326 1181 438 1254 pedihus
459 1178 593 1251 proiectus
608 1197 667 1232 sum
684 1177 829 1231 secundum
849 1179 938 1244 littus,
957 1181 994 1233 ita
1013 1199 1029 1232 a
1074 1192 1112 1234 est
1129 1200 1208 1253 quam
1229 1183 1341 1236 isthmus
1362 1185 1563 1254 peninsulanus,
1583 1203 1615 1238 ex
1637 1187 1721 1239 trihus
1739 1189 1865 1257 partibus

245 1271 330 1342 pharo
357 1267 481 1320 similitor
503 1264 615 1336 pedihus
635 1265 789 1335 Byzantium
812 1266 921 1329 reverti,
948 1283 1027 1336 quam
1074 1266 1346 1335 maricircumdatus‚
1361 1269 1395 1322 ab
1408 1270 1628 1340 orientequidem
1639 1273 1862 1342 Bosporo,ase·

245 1355 365 1427 proxima
385 1350 419 1405 ad
441 1351 514 1404 littus
533 1348 656 1402 amedera
677 1351 762 1434 potui.
800 1349 851 1402 Sed
875 1351 991 1421 primum
1013 1370 1028 1405 a
1073 1353 1337 1423 ptentriooihussinu
1347 1356 1425 1407 Ponti
1440 1356 1596 1425 scopuloso,
1614 1357 1792 1427 importuoso,
1810 1376 1862 1429 pa-

245 1443 332 1498 Pharo
344 1440 378 1494 ad
392 1438 532 1510 Myrelium
550 1455 605 1490 non
625 1438 715 1507 potui,
729 1436 802 1506 quod
823 1437 895 1490 littus
913 1456 1028 1510 preceps
1063 1447 1144 1490 *tenta
1165 1439 1192 1490 in
1213 1437 1405 1507 longitudinem
1420 1441 1524 1492 circiter
1542 1441 1613 1493 millo
1632 1451 1659 1494 et
1680 1440 1861 1496 ducentorum

244 1539 272 1581 et
284 1535 446 1600 praeruptum
457 1525 506 1588 sit,
522 1523 655 1594 perpetuis
667 1522 776 1592 rupibus
786 1522 887 1574 editum
901 1524 929 1575 in
942 1524 1029 1576 altitu·
1073 1539 1207 1592 passuum.
1223 1523 1265 1576 Ah
1278 1523 1358 1594 hujus
1375 1525 1469 1577 intimo
1488 1543 1592 1577 recessu
1611 1525 1679 1580 linea
1692 1545 1782 1580 secans
1793 1547 1861 1600 prc-

244 1613 334 1667 dinem
359 1613 418 1683 plus
439 1611 558 1664 minusve
578 1608 750 1679 quadraginta
770 1626 902 1679 passuum.
945 1612 1029 1683 Supra
1074 1610 1198 1662 montorii
1210 1610 1335 1675 dorsum,
1350 1611 1402 1663 hoc
1412 1600 1450 1664 ast
1460 1613 1589 1664 oervioem
1602 1613 1709 1675 isthmi,
1730 1613 1811 1667 ducta
1823 1615 1860 1668 ad

159 1747 165 1756 .
246 1699 297 1752 hoc
318 1698 392 1751 littus
409 1697 497 1750 existit
516 1694 636 1766 planities
663 1696 828 1765 campestris,
857 1695 982 1748 colliculis
1003 1708 1029 1749 et
1072 1696 1220 1764 Bosporum
1232 1694 1383 1749 extenditur
1394 1699 1421 1749 iu
1436 1715 1526 1767 passus
1539 1698 1724 1767 septingentos.
1761 1702 1860 1754 Clivia

245 1783 370 1838 valliculis
384 1781 524 1843 distincta,
544 1779 620 1848 longe
638 1780 740 1849 lateque
754 1789 854 1854 patens,
870 1781 965 1832 sensim
987 1799 1028 1833 as·
1073 1797 1178 1834 summo
1189 1799 1315 1834 mucrone
1328 1781 1362 1834 ad
1374 1783 1502 1834 ceruicem
1513 1783 1541 1834 in
1552 1800 1675 1853 passuum
1689 1784 1859 1839 altitudinem

245 1885 354 1938 surgens
373 1864 506 1936 usquead
526 1865 648 1918 verticem
668 1864 752 1928 collis,
775 1865 802 1916 in
822 1882 875 1935 qno
892 1875 953 1917 ante
972 1864 1027 1919 dixi
1073 1863 1219 1920 efferuntur
1230 1867 1333 1920 circiter
1342 1867 1411 1920 mille
1421 1878 1448 1920 et
1456 1867 1641 1922 ducentorum.
1678 1870 1777 1924 Contra
1790 1873 1860 1942 Cya-

245 1953 471 2021 iuisseantiquam
488 1951 613 2028 pharum.
651 1952 742 2020 Itaque
763 1950 875 2022 apharo
892 1948 924 2003 ad
943 1951 1027 2022 Chry·
1073 1969 1135 2003 neas
1157 1953 1255 2004 emittit
1274 1952 1342 2005 duos
1365 1971 1505 2006 mucrones
1523 1963 1592 2007 totos
1611 1972 1712 2008 saxeos.
1749 1958 1858 2010 Primus

245 2041 382 2094 sorrlroam
397 2041 446 2090 iter
461 2035 508 2090 ieci
520 2055 567 2107 per
578 2037 714 2107 supercilia
727 2037 842 2114 collium,
855 2055 901 2108 pcr
915 2037 1028 2091 desertas
1073 2034 1180 2105 quidem
1196 2036 1281 2106 major
1291 2049 1345 2101 ast,
1359 2049 1385 2091 ct
1395 2049 1481 2091 recten
1496 2041 1647 2108 assurgitis
1661 2039 1776 2092 medium
1792 2059 1860 2112 pro·

245 2122 485 2198 pasticncs'plenas
504 2124 587 2193 erycis
601 2121 715 2192 aliisque
728 2121 878 2186 fruticibus,
901 2121 945 2175 ubi
963 2124 1028 2178 nihil
1074 2123 1253 2186 montorium,
1281 2122 1331 2175 sub
1359 2125 1424 2176 imas
1451 2123 1552 2177 radicas
1580 2126 1720 2178 admittens
1747 2126 1858 2181 brevem

245 2215 344 2269 cultum
356 2222 463 2284 apparet
473 2221 565 2281 praeter
577 2211 683 2280 exiguas
694 2211 832 2274 arationes,
846 2195 899 2262 non
912 2221 964 2262 mm
977 2213 1027 2264 ini.
1072 2206 1204 2276 quendam
1215 2225 1348 2275 ¹recessum
1364 2208 1496 2261 diuturnis
1508 2220 1535 2262 et
1553 2210 1750 2263 vehementibus
1766 2213 1857 2266 {lucti-

246 2301 346 2372 quitata
362 2309 436 2350 terrae
449 2313 527 2367 quam
551 2295 639 2366 inopia
657 2295 838 2363 agricolarum.
876 2295 901 2348 Si
916 2313 967 2365 qua
980 2296 1027 2350 de-
1074 2291 1123 2344 bus
1141 2304 1307 2359 exossatum,
1324 2296 1441 2347 cavernis
1460 2305 1487 2347 et
1508 2295 1610 2348 lossulis
1630 2299 1713 2349 saxeis
1726 2298 1856 2368 plenum,

245 2404 351 2440 scansus
371 2394 441 2455 patet
459 2381 493 2434 ad
513 2381 599 2446 littus,
618 2391 648 2434 ut
660 2391 731 2452 patet
746 2380 780 2434 ad
799 2381 937 2452 Myralium
953 2382 1026 2435 etad
1074 2379 1120 2447 qui
1139 2379 1266 2430 examii
1283 2396 1345 2430 cum
1362 2389 1401 2431 est
1418 2397 1491 2432 mare
1508 2380 1695 2451 tranquillum:
1711 2400 1772 2434 curn
1790 2401 1859 2437 vero

244 2485 350 2547 portum
364 2472 554 2543 Ephesiorum,
569 2469 656 2521 statim
669 2467 726 2520 htae
743 2485 821 2537 rupes
840 2485 881 2519 me
900 2469 1026 2538 impedis.
1073 2450 1206 2527 est'ventis
1215 2464 1384 2529 concitatum,
1396 2464 1520 2535 impletur
1529 2465 1666 2531 fluctibus;
1676 2465 1723 2518 scd
1736 2485 1860 2522 cavernae

243 2571 317 2621 runt,
330 2570 360 2612 ut
371 2577 403 2610 cx
417 2557 474 2608 altis
486 2554 580 2607 littoris
592 2552 771 2624 crepidinibus
785 2553 849 2604 milri
863 2569 930 2623 saepe
939 2571 1027 2606 ascen·
1074 2567 1176 2620 semper
1198 2567 1264 2620 aqna
1284 2551 1366 2621 menae
1389 2562 1534 2604 remanent.
1574 2552 1692 2606 Alterum
1713 2571 1775 2606 vero
1794 2573 1858 2608 mu-

195 2699 200 2708 ,
244 2637 460 2699 dendum'suerit
480 2633 512 2692 ad
536 2637 688 2691 circuendas
712 2654 790 2708 rupes
810 2637 913 2700 obrias,
936 2649 962 2690 et
980 2657 1027 2708 per
1070 2654 1178 2689 crouem
1196 2638 1292 2689 emittit
1311 2639 1440 2690 minorem
1458 2649 1485 2690 et
1503 2638 1653 2708 obliquum,
1674 2658 1690 2691 a
1709 2639 1788 2693 dorso
1806 2641 1859 2694 de-

244 2731 357 2786 directos
367 2740 394 2783 et
404 2737 549 2800 praeruptos
562 2726 642 2778 clivos
654 2740 745 2793 repara
760 2722 937 2794 quadrupedis
953 2733 1026 2778 ruore
1071 2725 1193 2788 missurn,
1207 2723 1277 2776 velut
1295 2723 1415 2794 pollicem
1437 2735 1588 2796 porrectum
1603 2727 1630 2777 in
1649 2725 1781 2799 obliquam
1797 2746 1860 2781 nra·

244 2817 324 2870 hahui
342 2832 455 2870 necesse.
492 2810 711 2880 AChrysorrhoa
728 2807 803 2888 juxta
819 2809 890 2862 littus
911 2810 959 2862 iter
979 2811 1024 2864 ha·
1070 2831 1120 2866 nus
1136 2825 1247 2885 partem
1290 2817 1316 2867 Is
1336 2833 1429 2868 mucro
1447 2817 1529 2885 magis
1548 2816 1709 2869 meridianus
1726 2820 1857 2888 exiguum

244 2902 307 2958 bere
328 2900 401 2973 potui
422 2897 454 2951 ad
478 2896 690 2969 promontorium
708 2892 801 2946 Milton
814 2905 834 2958 ¹,
863 2893 934 2965 quod
958 2913 1025 2966 prae-
1069 2901 1156 2953 sinum
1174 2901 1267 2966 efficit,
1289 2901 1470 2955 admittentem
1491 2901 1618 2955 duntaxat
1635 2905 1750 2975 scaphas.
1797 2908 1857 2960 Lit-

244 3006 305 3059 caps
322 2996 349 3041 et
365 2985 508 3054 abruptum
526 2998 580 3034 non
593 2982 712 3051 pervium
729 2989 785 3043 cst,
804 2980 854 3031 nisi
870 2980 896 3031 in
918 2982 1025 3035 excelsis
1070 2996 1112 3039 tus
1135 2998 1223 3041 autem
1243 2999 1335 3043 contra
1353 2990 1469 3058 Cyaneas
1493 2990 1587 3053 situm,
1602 2990 1765 3044 intercedens
1783 2993 1858 3045 inter

244 3074 326 3129 clivis.
363 3070 429 3123 Inde
448 3067 481 3121 ad
500 3066 677 3138 Bathycolpon
695 3065 770 3135 juxta
792 3068 942 3136 Bosporum
965 3086 1025 3139 pcr-
1069 3083 1195 3143 utrosque
1215 3092 1369 3141 mucrones,
1393 3074 1500 3143 longum
1519 3076 1623 3127 circiter
1647 3086 1775 3129 umentes
1792 3096 1869 3149 pas..

243 3159 311 3214 rexi.
331 3154 526 3227 ABathycolpo
539 3152 572 3204 ad
585 3150 758 3215 Comarodes,
773 3152 887 3221 exceptis
901 3152 1023 3217 vallibus,
1069 3177 1122 3211 sus.
1159 3162 1191 3211 Iu
1204 3161 1277 3212 Panii
1292 3162 1431 3231 supercilio
1453 3160 1580 3212 eminenti
1601 3177 1681 3230 supra
1699 3179 1857 3215 mucronem

244 3246 286 3297 vla
303 3250 446 3312 non'plel
459 3241 485 3291 ln
500 3256 547 3291 ortt
566 3238 712 3300 maritima,
727 3234 773 3287 sed
787 3238 966 3304 angustissima
984 3256 1023 3291 se·
1069 3245 1195 3315 majorem
1215 3246 1315 3298 exsistit
1330 3247 1427 3316 pharus
1447 3247 1521 3316 qussi
1535 3236 1613 3312 φανός
1631 3258 1639 3296 2
1659 3246 1729 3299 unde
1743 3266 1759 3299 s
1779 3250 1858 3301 Grae.

244 3333 308 3384 mita
321 3329 431 3382 hahetur
443 3329 470 3380 in
482 3324 573 3378 arduis
584 3323 670 3387 clivis,
685 3322 845 3391 confragosis
859 3333 885 3375 et
895 3324 1021 3396 abruptis.
1068 3334 1106 3386 cis
1128 3331 1206 3402 hujus
1226 3334 1318 3397 statis,
1333 3334 1421 3386 omnia
1444 3332 1498 3385 sei-e
1520 3334 1628 3385 nomina
1649 3331 1796 3386 diminuere
1824 3336 1856 3387 in

245 3421 269 3470 A
291 3411 438 3468 Comarode
462 3409 495 3463 td
516 3408 702 3463 lkffllhesslum
719 3408 768 3459 iter
790 3406 890 3460 wnsecl
911 3407 964 3461 sere
985 3428 1024 3462 se·
1070 3408 1407 3490 dprossolitis,appellatur
1429 3410 1565 3488 percipias.
1598 3419 1692 3471 Turris
1713 3428 1753 3471 est
1773 3430 1853 3471 octo·

244 3502 362 3556 cundum
384 3500 466 3553 littus.
487 3500 509 3552 A
535 3495 692 3549 laosthenio
714 3492 747 3546 ad
769 3504 875 3565 portum
903 3494 1025 3549 Phidalia.
1068 3516 1152 3568 gono,
1167 3501 1194 3551 in
1205 3498 1321 3551 culmina
1334 3497 1433 3549 hahens
1445 3496 1578 3549 lucernam
1592 3495 1716 3548 omnibus
1729 3496 1857 3569 noctibus

246 3589 367 3658 (excipio
386 3585 536 3653 valles)via
549 3583 678 3637 duntaxat
697 3586 768 3652 patet
785 3581 910 3659 perpltos
929 3582 1023 3647 clivos;
1069 3584 1197 3637 lucentem
1215 3582 1413 3651 navigantibus,
1429 3580 1547 3651 undiquc
1567 3581 1680 3633 clausam
1705 3581 1793 3631 vitreis
1813 3580 1856 3633 ie·

237 3694 260 3728 a
272 3674 389 3728 Phidalia
403 3670 435 3725 ad
448 3670 574 3742 oppidum
588 3678 767 3738 nuncupatum
783 3669 860 3738 Sycas
873 3669 926 3721 sive
944 3671 1024 3722 Justi-
1069 3670 1190 3734 nestellis,
1205 3669 1325 3740 plumbo,
1335 3685 1390 3719 non
1404 3685 1499 3737 gypso,
1510 3668 1662 3738 compactis,
1675 3666 1748 3737 quod
1760 3678 1850 3719 osten·

247 3762 338 3813 oianas
350 3760 392 3812 ria
407 3768 478 3829 patet
484 3756 560 3826 juxta
576 3758 737 3826 Bosporum
750 3770 765 3807 a
779 3753 850 3824 Syris
869 3755 1024 3823 Byzantium
1069 3755 1108 3809 dit
1122 3774 1175 3809 non
1187 3757 1344 3817 Tuscorum,
1358 3752 1404 3804 sed
1415 3753 1623 3805 Christianorum
1635 3770 1701 3823 opus
1714 3771 1778 3807 ease.
1810 3754 1856 3808 Ex

246 3843 369 3914 trajectus
384 3854 423 3896 esi
444 3842 547 3895 brevior
560 3851 674 3910 qualum·
688 3837 792 3899 stadiis;
816 3856 831 3897 n
849 3855 903 3907 (1¹10
917 3838 1023 3909 quidem
1069 3849 1165 3900 vertice
1179 3846 1252 3900 Panii
1265 3844 1439 3916 promontorii
1454 3861 1677 3914 quoquoversum
1692 3843 1764 3895 vides
1773 3842 1855 3913 longe

247 3928 496 4002 trajectuappellato
516 3930 615 3999 Spceno
629 3925 663 3979 ad
686 3926 765 3979 finem
778 3927 887 3996 Bospori
906 3925 1024 3997 planities
1068 3934 1170 4005 lateque
1181 3936 1295 3986 Pontum
1309 3932 1453 3995 Euxinum,
1469 3932 1538 3983 sicut
1551 3948 1582 3983 es
1600 3932 1679 3983 Panic
1693 3929 1855 3985 Alexandria

246 4018 386 4079 matium&
400 4012 660 4083 &sssslflssfimwlfflss
672 4022 772 4081 imm
782 4012 928 4075 ⁰0⁰²l¹¹0⁰³=
939 4030 1024 4065 ³⁰05·
1068 4020 1131 4075 olim
1150 4019 1295 4073 videbatur.
1312 4018 1368 4069 Hac
1385 4018 1455 4069 enim
1473 4026 1548 4074 aetate
1564 4026 1695 4086 spectatur
1716 4016 1744 4067 in
1765 4015 1855 4069 media

246 4101 395 4155 fflmlaluffl
403 4098 599 4168 hfsslffl'efiffl
608 4114 687 4166 ‘lum
696 4094 858 4167 Proximead
865 4097 1022 4166 B⁰⁵P01‘11ffi·
1069 4106 1226 4161 Alexandria
1242 4106 1353 4159 Panium
1366 4096 1500 4173 quoddam
1514 4101 1709 4166 manufactum,
1736 4101 1853 4171 fastigia·

1069 4204 1126 4246 tum
1141 4195 1168 4247 in
1182 4202 1288 4245 acutum
1303 4192 1441 4255 verticem,
1455 4188 1600 4252 excelsum,
1615 4188 1673 4241 colli
1695 4188 1795 4251 simile,
1817 4207 1853 4241 cx

1068 4278 1143 4348 cujus
1151 4278 1264 4331 culmine
1274 4287 1329 4329 tcta
1338 4275 1455 4345 undiquc
1464 4274 1632 4338 Alexandria,
1645 4274 1776 4344 simulque
1788 4274 1855 4329 hinc

1069 4384 1140 4418 mare
1153 4368 1299 4428 Internum,
1312 4363 1382 4416 illinc
1392 4362 1632 4415 Mareoticus'lacus
1648 4360 1761 4413 videtur.
1778 4363 1854 4413 Duo·

1044 4456 1049 4491 ¹
1069 4450 1119 4502 hus
1136 4448 1324 4520 promontoriis
1344 4448 1426 4500 Panic
1441 4457 1467 4499 et
1482 4450 1609 4517 Ancyraeo
1631 4445 1722 4497 linitur
1734 4446 1851 4508 Pontus,

1069 4538 1212 4607 incipitque
1223 4537 1364 4605 Bosporus.
1396 4537 1411 4587 J
1414 4543 1475 4586 uxta
1490 4538 1645 4603 Ancyreum
1657 4532 1772 4585 existunt
1785 4532 1854 4601 Qa-

280 4632 346 4682 Post
364 4626 489 4683 normam
500 4638 619 4698 petrone,
639 4624 725 4693 inquit
747 4623 906 4692 Dionysius,
928 4620 1025 4674 exurit
1070 4642 1125 4675 nem
1144 4623 1277 4684 Asiaticae,
1294 4619 1419 4690 juxtaque
1434 4620 1545 4672 Panium
1568 4621 1677 4689 Cyarrara
1697 4620 1868 4687 Europaeos„

241 4714 640 4787 pmntontorinmnuncnpatum
658 4708 772 4761 Panium
782 4708 939 4780 parallelum
962 4711 1025 4775 Cyn·
1069 4708 1194 4761 distautas
1207 4723 1223 4758 a
1235 4707 1317 4758 Panio
1330 4704 1379 4757 sibi
1399 4706 1521 4775 opposito
1534 4703 1568 4756 ab
1581 4721 1675 4756 occasu
1691 4701 1769 4773 paulo
1792 4719 1851 4753 am·

245 4799 314 4861 scia,
330 4798 376 4851 Aac
393 4810 448 4861 est,
467 4797 544 4869 quusi
553 4814 609 4868 por
624 4807 650 4847 et
665 4795 785 4847 emotum
802 4805 892 4845 contro
914 4796 1025 4862 &raneos
1069 4793 1137 4863 plius
1150 4792 1312 4862 septuaginta
1323 4807 1414 4859 passus
1424 4792 1565 4842 Romanos.
1595 4785 1764 4841 Tantundem
1777 4787 1852 4838 enirn

245 4883 340 4945 situm,
355 4881 520 4935 intercedente
531 4878 614 4933 nrrdio
625 4879 707 4931 muris
723 4879 826 4941 littorr,·
839 4878 866 4930 in
872 4878 928 4947 fine
938 4889 1024 4929 nutem
1070 4879 1098 4931 iu
1122 4874 1286 4947 latitudinem
1308 4884 1379 4945 patet
1401 4876 1508 4945 euripus
1528 4876 1676 4943 Cyanam
1696 4872 1854 4924 continente

243 4967 416 5043 promontorii
430 4986 522 5038 parcre
535 4967 640 5031 muto,
663 4966 768 5020 termini
782 4964 887 5018 Pontici
899 4964 991 5025 muris,
1007 4983 1024 5015 a
1070 4978 1206 5033 separans,
1221 4976 1300 5029 quem
1320 4958 1445 5011 vadosum
1465 4970 1491 5011 et
1510 4974 1615 5010 saxeum
1632 4954 1720 5009 nudus
1738 4954 1854 5007 transire

244 5054 390 5109 continente
411 5052 547 5125 dirempto
562 5070 645 5124 parra
665 5046 746 5104 risoris
756 5050 845 5123 spatio
860 5048 1022 5111 irrternserlio,
1073 5058 1196 5110 conaus,
1220 5044 1253 5097 de
1279 5043 1366 5097 medio
1383 5062 1462 5096 cursu
1484 5053 1619 5096 revocatus
1643 5058 1712 5095 sum.
1757 5042 1855 5110 Itaqoa'

258 5162 1840 5194 ,,,,,,,..-,,,,--..-...-....-.....--...----------

283 5243 426 5312 aMt'ltoni
441 5244 586 5312 Legebatur
602 5242 720 5295 Snrilton.
732 5242 771 5294 Cl.
788 5259 866 5311 snpra
890 5258 916 5311 p.
933 5240 975 5293 55.

245 4248 348 4309 XXIV,
366 4252 406 4301 De
426 4246 510 4300 Punio
527 4243 705 4318 promontorio
718 4241 800 4315 piari
822 4254 847 4294 et
868 4241 900 4295 de
919 4244 1024 4312 Cyaneis

379 4340 383 4343 .
583 4332 678 4403 pm.
841 4326 848 4334 .

573 4482 624 4539 Fr.
647 4444 696 4562 stt.
