3884 5925
303 459 338 513 52
905 460 1077 520 lilONYSll
1100 464 1282 523 atztnttt

278 615 283 620 -
298 592 325 640 et
337 585 415 642 ramis
429 585 527 640 ficuum
536 589 675 657 agrestium
687 587 876 656 concidissent,
892 591 951 660 igne
960 609 992 644 ex
1004 610 1074 661 agro
1119 606 1271 646 mercatores
1286 593 1360 666 apud
1380 595 1446 652 inere
1461 608 1565 668 petram
1586 597 1760 670 deposuissent
1776 621 1870 670 aarum,

297 671 381 725 stibus
403 672 478 742 lignis
499 672 567 726 iacto
589 673 754 740 cremabant,
778 674 886 746 ejusque
916 677 1016 729 cineres
1042 678 1075 730 ad
1116 681 1192 753 pacti
1209 681 1331 747 interae,
1345 701 1396 735 non
1405 685 1485 755 prius
1502 685 1611 738 alterurn
1625 686 1871 746 illud‘essesuiiam-

297 759 453 830 expiandam
472 760 564 813 urbem
584 761 746 813 laborantem
759 760 930 832 projiciebant
948 765 975 816 in
992 783 1072 820 mare.
1118 786 1268 840 remquam
1280 770 1448 823 ambosimui
1458 770 1496 822 nd
1504 782 1607 842 petram
1615 773 1871 832 menstruatum

298 847 391 918 ltaque
406 865 460 900 non
472 845 529 900 sine
546 863 622 900 causa
637 859 828 901 commutatum
842 867 938 902 nomeu
950 850 1072 917 arbitror,
1112 855 1263 926 pactionem
1272 867 1470 926 proetergrrsso,
1485 874 1567 909 sermo
1577 857 1709 910 hominurn
1715 860 1872 919 dabernoune

224 959 229 972 ·
295 930 373 984 etiarn
385 932 561 985 intercedente
571 935 638 1002 regis
651 932 766 1000 decreto,
782 935 856 1005 cujus
869 937 982 989 manime
993 938 1072 990 inter·
1117 938 1268 1004 delituisse,
1279 951 1493 1012 monsontepetra
1505 941 1699 1011 impiamfidem
1709 944 1772 996 socii
1780 949 1869 1016 pontii,

294 1029 351 1072 erat
372 1017 486 1072 nobilem
507 1030 614 1090 portum
637 1020 769 1074 vindicare
787 1021 820 1074 ab
841 1021 932 1074 inlami
954 1025 1071 1076 nomine.
1119 1043 1249 1096 quousque
1257 1025 1339 1078 sinenl
1346 1026 1422 1078 ambo
1433 1044 1462 1078 eo
1475 1026 1801 1099 contenientesdepositnm
1812 1051 1871 1084 nece·

293 1103 361 1156 Nam
383 1105 434 1156 nisi
458 1106 530 1174 regio
548 1104 638 1174 jussu,
657 1106 763 1159 dillicile
784 1105 887 1159 videtur
908 1109 1074 1178 pertinaciter
1114 1121 1227 1182 perunt,·
1233 1122 1317 1182 petrae
1326 1121 1412 1162 nutem
1415 1110 1556 1181 praemium
1565 1111 1770 1182 remansithajus
1773 1116 1871 1182 justitie

294 1185 411 1242 dicacem
440 1199 581 1242 nautarum
606 1192 741 1243 nationem
763 1190 893 1243 abstinere
917 1194 1034 1262 potuisse
1056 1211 1072 1246 a
1117 1213 1216 1251 nomem

292 1273 394 1328 tamdiu
413 1277 557 1330 inveterato
575 1279 682 1338 nomino
697 1265 828 1342 mordaci,
845 1276 925 1348 idque
943 1281 1072 1349 pernicio·
1150 1285 1323 1352 Quantopere
1334 1299 1375 1334 res
1385 1281 1509 1333 humanae
1520 1282 1625 1335 interae
1636 1281 1757 1337 ‹lilioant
1770 1283 1871 1338 felicitate

292 1377 350 1414 sum
360 1362 536 1433 acerbumque
546 1363 652 1416 mlumri
663 1366 770 1418 nornine
779 1365 918 1432 mitigasse,
929 1368 1072 1436 praesertim
1116 1368 1247 1418 memoriae
1260 1377 1287 1419 et
1297 1367 1468 1437 posteritatis,
1480 1383 1542 1418 cum
1552 1384 1585 1418 cx
1599 1367 1710 1420 urbibus
1723 1377 1749 1419 et
1760 1368 1824 1420 libr's
1834 1389 1871 1422 an·

293 1449 433 1502 mulierum
451 1450 574 1520 precibus
595 1450 661 1503 male
681 1450 844 1504 audientium
862 1451 897 1504 ob
914 1451 1014 1504 Medera
1036 1455 1072 1505 ei·
1116 1461 1157 1503 tea
1167 1449 1417 1514 animadverteram,
1432 1461 1547 1520 quorum
1563 1468 1618 1503 non
1633 1451 1765 1516 meliores,
1781 1454 1822 1505 sed
1832 1454 1871 1506 bo

291 1542 358 1586 stam
379 1533 415 1587 ibi
438 1533 598 1605 depositam,
612 1545 643 1588 ut
660 1534 727 1588 male
743 1537 770 1588 in
793 1535 866 1588 huno
879 1535 949 1588 diem
961 1535 1072 1590 audiunt
1114 1552 1179 1588 num
1190 1537 1293 1604 genium
1308 1521 1393 1588 sortiii
1406 1546 1583 1606 pmvencrunt
1596 1534 1632 1588 ad
1650 1546 1770 1590 aetermm
1781 1542 1871 1606 postem

260 1637 264 1644 ·
289 1619 419 1672 'Ihessalae
443 1619 565 1672 mulieres
580 1620 616 1675 ob
637 1613 727 1672 cistam
750 1621 965 1690 pharmacorum,
991 1639 1071 1692 quana
1114 1630 1210 1686 tatem,
1222 1632 1280 1673 tum
1295 1639 1380 1692 nuper
1393 1621 1557 1674 consideravi
1571 1639 1604 1673 ex
1616 1623 1870 1692 portantemque

290 1703 393 1772 fugiens
413 1703 505 1758 Medea
527 1703 621 1775 abjecit
635 1707 664 1759 in
683 1706 860 1771 'Ibessaliam;
884 1723 969 1776 neque
989 1707 1071 1760 modo
1114 1707 1223 1760 historia
1235 1702 1364 1778 usquead
1384 1707 1454 1760 hanc
1465 1706 1535 1760 hem
1548 1709 1677 1775 remansit
1689 1709 1716 1760 in
1729 1712 1839 1761 memoria
1850 1722 1870 1763 et

289 1789 525 1866 nomineliiedeae,
539 1789 675 1844 sedetiam
687 1807 715 1844 re
726 1791 782 1862 ipsa
793 1792 819 1842 in
832 1791 903 1844 hune
916 1789 987 1844 diem
1003 1793 1070 1846 male
1114 1811 1234 1845 sermone
1244 1795 1470 1865 bosporanorum,
1484 1809 1546 1845 euna
1569 1793 1706 1846 mammis·
1714 1792 1814 1845 aliorum
1830 1813 1869 1846 no·

287 1874 401 1929 audiunt
414 1875 638 1947 utpharmacidas.
676 1877 804 1948 Equidem
816 1895 876 1930 cum
888 1877 1070 1949 perlustrarem
1115 1879 1216 1930 minum
1231 1877 1306 1946 louge
1323 1877 1484 1930 nobiliorum
1505 1874 1626 1930 funditus
1643 1877 1777 1930 interierit.
1809 1879 1870 1930 liun-

216 2023 220 2032 .
287 1959 464 2026 thoantem,
489 1962 691 2033 incidissemqne
714 1963 743 2015 in
774 1964 959 2034 panegyricum
990 1967 1069 2017 totius
1114 1979 1193 2032 quarn
1207 1963 1385 2031 cognovissem
1405 1972 1507 2032 petram
1524 1963 1658 2025 Dicaeam,
1671 1963 1721 2013 nisi
1741 1960 1802 2014 iorte
1818 1964 1869 2015 inci·

289 2047 397 2100 Graeciae
410 2049 563 2112 maximum,
577 2049 700 2102 celebrari
712 2050 852 2119 quotannis
866 2049 970 2102 solitum
981 2067 1070 2102 mense
1114 2047 1208 2115 dissona
1228 2048 1256 2099 in
1276 2064 1423 2099 sermonem
1444 2048 1604 2117 piscatorum
1617 2045 1655 2097 de
1674 2056 1746 2116 petra
1762 2048 1787 2098 in
1799 2045 1870 2100 littore

288 2135 359 2188 Maio
370 2134 442 2206 apud
452 2137 538 2188 vicum
544 2147 727 2220 puncupatum
733 2136 922 2201 Moscolunrm,
932 2155 986 2190 non
994 2137 1070 2206 longe
1114 2133 1163 2184 sita
1176 2133 1338 2184 narrantium
1351 2130 1487 2183 historiam
1505 2148 1585 2201 quarn
1598 2140 1688 2184 namt
1708 2132 1834 2202 Dionysias
1843 2133 1870 2186 de

288 2219 429 2275 distantem
447 2242 461 2276 a
477 2221 624 2289 Pharsalia,
640 2234 807 2294 percontatus
821 2241 879 2274 sum
899 2223 932 2275 ab
950 2223 1067 2294 hospite,
1113 2229 1185 2288 taetra
1205 2220 1305 2283 Diema,
1327 2235 1386 2288 quae
1408 2218 1453 2270 ubi
1473 2229 1501 2270 et
1516 2218 1600 2288 qualis
1621 2219 1674 2282 sit,
1694 2230 1779 2289 postea
1801 2219 1870 2272 dicam

286 2325 353 2360 num
369 2319 455 2360 essent
468 2309 495 2360 in
508 2307 640 2361 Thessalia
654 2306 850 2380 pharmacides;
865 2309 910 2378 qui
923 2307 1069 2360 affirmabat
1112 2323 1192 2375 qtmm
1202 2304 1350 2371 ostendero,
1359 2305 1431 2357 uodo
1439 2306 1566 2375 incipiant
1573 2306 1672 2379 aperiri
1682 2305 1787 2359 claustra
1797 2308 1868 2358 Ponti.

288 2395 428 2446 nonnullas
448 2412 518 2460 esse,
536 2412 594 2464 quse
616 2393 693 2446 edere
712 2393 882 2446 crederentur
904 2411 957 2446 uon
982 2396 1069 2446 minus
1146 2393 1230 2463 Supra
1243 2392 1315 2446 littus
1327 2409 1449 2444 saxosum
1462 2391 1611 2461 stropibus
1624 2392 1757 2455 crebrum,
1768 2410 1869 2466 quasve-

288 2478 417 2533 mirabilia
429 2479 562 2550 quamilla
573 2496 632 2550 quae
641 2477 674 2531 de
684 2478 814 2532 Thessalis
826 2478 980 2531 mulieribus
988 2479 1068 2533 tradit
1112 2477 1151 2532 lut
1164 2479 1263 2532 radices
1279 2481 1306 2531 in
1325 2496 1399 2532 mare
1409 2478 1552 2549 projiciunt
1567 2479 1627 2532 clivi
1651 2480 1772 2549 prempti
1783 2489 1869 2548 etpre-

289 2568 430 2623 Lucianus.
1111 2567 1216 2636 ciphos,
1228 2585 1244 2618 a
1259 2566 1387 2637 Therapia
1400 2581 1553 2636 progressus
1563 2583 1623 2618 sum
1635 2567 1786 2636 quingentos
1797 2583 1870 2634 pmsra

286 2715 360 2768 xvt.
377 2713 510 2766 De'snais
527 2724 552 2765 et
563 2713 686 2766 cautibus
703 2710 803 2764 littoris
811 2709 920 2775 excelsi,
936 2710 1069 2782 praerupti
1111 2668 1194 2788 :iffi
1207 2649 1350 2808 3:33¹,
1360 2649 1646 2806 (1ζὲῑῖΐίἒῖξὲ
1655 2649 1870 2788 11)ΫῴἪὶ

318 2798 517 2894 praecipitisque
523 2819 532 2861 ,·
546 2796 577 2849 de
595 2797 718 2852 clunibus
732 2795 811 2849 Ponti
823 2817 833 2858 ,·
846 2794 878 2847 de
888 2806 966 2867 petra
985 2795 1067 2848 nomi·
1110 2825 1206 2895 aperiri
1222 2825 1314 2895 incipi,
1325 2825 1440 2887 pomus,
1456 2825 1604 2893 sensimque
1623 2823 1702 2876 ham
1715 2821 1870 2892 μήπω,

319 2894 388 2937 ''au‘
403 2887 503 2936 ΒΜ·
1110 2912 1190 2964 terius
1203 2910 1379 2982 pergentibus.
1417 2913 1473 2962 Ima
1492 2909 1571 2980 hujus
1587 2908 1661 2962 vallis
1674 2908 1788 2980 planities
1806 2908 1869 2959 mari·

610 3006 660 3067 les,
684 3014 733 3067 42,
1056 3050 1059 3058 ,
1111 2996 1487 3067 timauuncestplenavineis,
1499 2995 1562 3047 olim
1574 2993 1703 3058 aediliciis,
1714 2992 1870 3046 utostendunt

747 3064 754 3075 ¹
1110 3080 1205 3135 rudera
1219 3098 1272 3134 non
1292 3079 1373 3133 modo
1385 3082 1532 3151 parietum,
1553 3079 1598 3131 ssd
1612 3081 1695 3132 etiarn
1710 3079 1869 3131 columnarum

321 3162 516 3227 Pharnaceiam,
525 3162 611 3233 inquit
617 3162 768 3237 Dionysius,
776 3159 1066 3231 subsequuntursnrosn
1110 3182 1326 3219 marmorearum.
1346 3166 1422 3217 Hanc
1433 3166 1516 3235 ipsam
1530 3162 1622 3217 vallem
1636 3164 1707 3216 mille
1723 3178 1806 3233 μεως
1815 3179 1868 3231 prr·

286 3250 378 3303 littora
390 3260 415 3302 et
420 3246 574 3320 praecipitio
587 3246 615 3299 in
624 3264 694 3299 mare
707 3243 891 3317 impendentia,
901 3244 973 3297 velut
985 3244 1066 3297 visio·
1110 3262 1252 3320 tergi-ossus
1273 3252 1366 3319 exigua
1387 3250 1479 3301 aenaim
1499 3250 1542 3301 nix
1555 3249 1636 3300 unius
1654 3248 1766 3300 hominis
1778 3262 1868 3315 capace,

285 3333 499 3397 nisflercuminn,
514 3330 668 3403 essequod
683 3330 765 3383 oeulis
778 3328 920 3397 flexibilem
931 3340 1064 3401 aspectum
1105 3348 1255 3390 transversa
1269 3336 1336 3388 ime„
1348 3334 1462 3387 dil-0010,
1474 3344 1501 3387 01
1513 3335 1663 3405 pmipq„
1681 3333 1759 3386 ώσω
1770 3332 1868 3384 mim.

286 3420 427 3491 objiciant.
442 3418 571 3492 Aperitur
581 3418 648 3470 enim
658 3421 758 3471 Pontus
776 3428 783 3452 ¹
799 3426 882 3467 tectus
894 3415 1066 3469 eminentibus
1110 3434 1147 3475 tes
1161 3439 1240 3493 supra
1253 3421 1324 3474 littus
1336 3420 1449 3473 arduum
1462 3430 1489 3471 ct
1505 3436 1623 3483 saxeum,
1638 3419 1745 3489 parvom
1755 3415 1788 3469 ad
1798 3416 1869 3468 locun

282 3506 486 3581 promontoriis,
502 3504 573 3557 nullu
585 3502 709 3576 amplius,
719 3500 872 3573 impediente
887 3520 977 3554 uerum
992 3519 1065 3573 aspe-
1108 3506 1263 3577 appellatum
1285 3505 1446 3571 Bmlagenem
1457 3503 1478 3568 ³,
1488 3565 1490 3570 Ι
1501 3503 1574 3556 unde
1593 3503 1661 3555 mihi
1679 3512 1763 3555 rectus
1778 3500 1869 3569 bospori

284 3591 454 3659 ctum.·Quori
462 3590 530 3643 enim
542 3589 698 3659 crebrofinis
708 3586 885 3651 essendone,
897 3586 963 3639 idem
974 3605 1066 3640 rursus
1109 3595 1203 3648 anatis
1215 3612 1298 3664 usque
1308 3592 1341 3644 ad
1354 3595 1468 3645 Pontum
1479 3590 1698 3661 perspiciebatur,
1711 3599 1738 3641 et
1747 3587 1818 3641 simul
1825 3595 1869 3637 tota

286 3679 420 3733 inuenitur
428 3678 599 3750 principium.
611 3679 705 3729 Postea
715 3673 796 3727 maris
810 3672 918 3724 latentis
928 3672 1065 3724 risiocon·
1108 3690 1184 3750 porta
1201 3680 1278 3732 Ponti
1297 3678 1471 3747 aperiebatur,
1492 3687 1571 3745 atque
1590 3678 1692 3729 Pontus
1710 3677 1763 3745 ipsc
1785 3682 1868 3725 taum

222 3824 225 3829 ¹
284 3764 363 3817 rilint
375 3760 450 3827 fidem
463 3763 566 3837 reiquae
579 3779 628 3813 non
642 3758 800 3825 credebatur.
840 3757 1065 3809 Illaautemsnxn
1108 3774 1198 3836 patens
1211 3774 1339 3833 qmtum
1362 3772 1438 3831 porta
1456 3761 1603 3829 retegebant,
1620 3759 1702 3829 longe
1717 3758 1868 3830 prospicieba-

284 3862 311 3901 et
319 3860 408 3904 cautes
418 3847 518 3901 litteris
531 3848 700 3901 nominarunt
713 3842 881 3907 Kleiiaeuul
893 3844 1008 3919 thiipa
1019 3847 1063 3899 τοῦ
1109 3863 1153 3903 tur
1164 3850 1234 3907 rectia
1247 3851 1288 3901 via
1301 3858 1389 3919 petere
1402 3846 1503 3910 locum,
1516 3846 1562 3898 ubi
1572 3845 1650 3915 juxta
1659 3856 1761 3916 pmram
1770 3838 1867 3895 Dicam

284 3936 399 4009 Πόντου,
408 3934 455 3986 laos
468 3945 516 3995 est,
535 3932 624 3985 Cinam
642 3945 667 3986 et
680 3934 800 3988 Claustra
816 3934 902 3991 Ponti.
923 3938 984 3987 lam
995 3952 1063 4006 ptar-
1110 3935 1276 3989 subsidebam
1291 3937 1318 3987 in
1332 3934 1415 3996 clivo,
1429 3935 1476 4003 qui
1491 3933 1519 3984 in
1534 3930 1701 3985 altitudinem
1714 3932 1811 3984 circiter
1820 3944 1868 3979 ωυ-

285 4020 409 4089 iergresso
433 4020 521 4073 claues
543 4031 664 4091 aspectus
682 4021 767 4088 magis
790 4038 868 4093 quam
886 4022 966 4075 Ponti
990 4021 1065 4073 aden
1108 4031 1199 4073 tenum
1214 4038 1337 4091 passuum
1347 4036 1380 4071 cn
1392 4021 1459 4071 mari
1470 4017 1633 4071 edituserat.
1672 4016 1738 4072 lude
1750 4013 1864 4087 paululum

282 4102 360 4179 petrei
379 4107 415 4159 ¹in
437 4116 543 4157 acutam
566 4105 686 4157 uerticem
705 4106 866 4173 fastigiata,
887 4106 961 4159 nucis
979 4106 1065 4176 pineae
1109 4117 1239 4160 recreatus
1252 4107 1354 4159 surrexi
1372 4104 1406 4158 ad
1419 4104 1635 4158 considerandam
1647 4114 1763 4174 petr-am,
1776 4109 1868 4155 areant

284 4192 484 4245 similitudinem
494 4196 600 4258 gerens,
615 4208 673 4261 quoe
688 4192 795 4257 Dicaea,
817 4190 896 4245 idest
907 4195 1000 4256 Iusta,
1015 4210 1060 4244 no·
1108 4192 1150 4245 illa
1163 4194 1265 4255 Diona,
1280 4208 1361 4262 quam
1378 4188 1503 4242 describit
1520 4191 1672 4260 Dionysius,
1709 4183 1865 4252 OEmumspeti

286 4278 403 4331 minatur
414 4296 447 4330 eu
458 4295 486 4329 so
500 4275 570 4349 quaed
579 4275 729 4331 triremibus
738 4278 935 4345 nauigantes'in
950 4282 1062 4330 Pontum
1107 4295 1165 4330 earn
1184 4294 1274 4348 passus
1292 4277 1397 4329 circiter
1415 4276 1548 4343 sexaginta
1559 4273 1663 4327 ambitu
1680 4271 1823 4343 complecti,
1835 4268 1866 4335 it>

322 4470 367 4521 Fr.
377 4470 423 4529 ia.
437 4483 464 4518 1.
482 4464 611 4538 Aperitur
626 4465 693 4518 enim
704 4469 813 4530 Pontus,
828 4466 896 4535 eto]
912 4466 990 4517 Hunc
999 4466 1062 4517 Dio·
1111 4466 1211 4534 lloapse
1224 4464 1410 4532 hincprimum
1423 4462 1517 4514 lineam
1530 4471 1627 4514 rectam
1637 4478 1687 4531 per
1701 4462 1834 4529 Bosporum
1845 4456 1867 4509 iu

286 4547 354 4617 nysii
363 4545 450 4599 locum
457 4544 512 4615 jam
530 4544 617 4613 attigit
627 4544 728 4615 Gyllius
739 4562 766 4615 p.
782 4547 812 4608 8,
826 4545 975 4613 iterumque
990 4542 1025 4596 de
1033 4561 1065 4596 eo
1111 4544 1225 4594 Pontum
1236 4541 1332 4592 ducere
1341 4539 1409 4593 licet.
1420 4541 1546 4592 Fortassis
1556 4548 1640 4591 totum
1648 4539 1710 4591 litus
1718 4535 1785 4607 quod
1793 4533 1868 4586 alshac

286 4624 339 4691 agit
349 4622 421 4674 'inira
434 4621 478 4691 (v.
496 4621 529 4673 ir.
544 4620 577 4674 53
588 4626 633 4690 a).
1110 4617 1213 4671 vahand
1223 4611 1867 4686 Kiretrlsbournoupertinet,rirllicitpavocabatur·

323 4716 349 4755 a.
367 4700 637 4769 DialithralNomen
659 4700 711 4753 hoe
724 4699 802 4751 etiam
823 4716 894 4751 nunc
908 4700 935 4751 in
951 4716 1001 4752 usu
1015 4710 1064 4753 est.
1147 4698 1173 4749 3.
1187 4696 1364 4765 Prologenem]
1377 4695 1428 4746 Hie
1438 4694 1545 4747 loeuset
1559 4696 1645 4746 Dicaea
1655 4704 1730 4763 petra
1740 4687 1865 4743 secundun

288 4782 319 4831 ln
335 4778 429 4831 tabulis
450 4778 561 4829 nauticis
584 4787 690 4829 notatur
704 4774 738 4828 ad
758 4778 971 4847 promontorium
993 4776 1071 4847 qnod·
1111 4774 1189 4845 Gyllii
1212 4790 1346 4826 mensuras
1368 4772 1402 4826 ad
1430 4773 1537 4825 Kiretele
1565 4773 1681 4824 mnenon
1707 4769 1815 4821 inerunt·
1833 4759 1866 4813 Cl-

287 4855 367 4908 Tusci
387 4864 480 4906 vocant
495 4854 600 4906 Kiretci
622 4855 735 4910 bournoa
759 4850 797 4920 (i'.
813 4873 837 4907 e.
851 4854 990 4907 calcarium
1003 4872 1065 4925 pro·
1111 4854 1268 4905 Hammcrus
1279 4869 1308 4922 p.
1323 4854 1373 4913 aii
1390 4868 1397 4905 ε
1418 4875 1428 4896 ι
1447 4850 1580 4902 Zwi'schen
1595 4848 1721 4901 Kimdselr
1732 4846 1810 4897 baran
1824 4836 1869 4890 stud

288 4932 469 4999 montorium)
487 4932 647 5003 aTherapiae
665 4934 724 4984 sinu
744 4931 812 4985 linea
833 4942 904 4984 recta
923 4950 968 4984 sex
982 4931 1066 4985 stadia
1111 4928 1259 4999 Kefeli-Koi
1268 4930 1333 4997 zeigt
1343 4928 1399 4980 sich
1410 4927 1459 4980 aui
1469 4928 1517 4979 der
1525 4928 1619 4980 halben
1630 4926 1715 4979 lloehe
1724 4925 1769 4975 des
1779 4920 1868 5006 anistri·

288 5011 396 5063 distans.
421 5008 522 5079 Gytttus
542 5027 603 5063 vero
628 5009 755 5063 Dialithra
775 5010 864 5063 vallem
882 5010 935 5062 dici
956 5008 1066 5062 reiecta
1111 5008 1214 5077 genden
1231 5006 1437 5075 Felsengestades
1455 5009 1498 5058 ein
1514 5003 1703 5073 abgcrundeter
1719 4998 1800 5052 durch
1811 5010 1869 5046 sane

288 5088 425 5158 Therapiae
440 5088 500 5141 sinu
517 5088 621 5140 nonnisi
641 5089 691 5142 500
704 5105 810 5159 passus,
829 5090 883 5141 sive
896 5106 929 5141 ne
941 5088 996 5141 duo
1009 5090 1067 5158 qui·
1111 5086 1209 5139 Gestalt
1218 5084 1442 5155 ausgezeiehneter
1451 5100 1553 5152 grosser
1564 5082 1668 5144 Felsen,
1681 5076 1791 5130 welches
1799 5072 1868 5160 sciton

289 5167 350 5221 dem
364 5164 462 5231 stadia,
475 5166 608 5231 dissitam,
624 5164 736 5236 ideoque
750 5166 893 5219 valliculam
908 5166 976 5217 illam
989 5166 1068 5233 signi·
1111 5181 1158 5216 zur
1168 5164 1223 5215 Zeit
1232 5161 1278 5215 des
1285 5163 1425 5231 Dionysius
1437 5179 1488 5214 von
1500 5164 1601 5232 Byzanz
1611 5158 1658 5211 der
1667 5154 1781 5224 gemite
1793 5152 1866 5209 Sterni

290 5246 351 5303 tion
365 5263 447 5317 prope
458 5262 537 5316 quam
558 5263 629 5297 nunc
647 5256 729 5297 exuat
742 5244 866 5315 palatium
883 5244 956 5312 legati
972 5242 1064 5311 gallici.
1111 5242 1290 5316 tironiensis,
1302 5241 1378 5292 laicas.
1397 5265 1408 5285 ι
1551 5235 1555 5240 ’
