3884 5925
809 432 1064 540 mascarano.v
1662 482 1718 533 nr

88 618 111 676 A
126 624 195 675 mine
207 621 306 691 Byrsa,
319 616 347 669 id
365 625 403 668 ast
424 612 536 665 eorimn.
559 613 621 666 Haec
640 610 810 681 dispositione
828 608 902 661 valde
945 606 1045 657 boum
1057 602 1069 655 Ρ
1082 603 1150 656 Ριιῑο
1163 600 1234 673 quod
1244 601 1277 653 ab
1286 600 1433 653 eruditione
1443 599 1544 655 divina.
1556 600 1659 653 Deinde
1665 601 1721 671 jam

126 705 311 776 gloriosissima
328 690 446 763 constat,
462 716 520 767 quae
542 698 569 748 in
586 696 730 748 directione
745 696 863 746 vicorum
877 703 903 745 et
946 690 1064 761 sequitur
1075 687 1238 741 Alexandria.
1250 688 1311 739 llaec
1322 697 1359 739 est
1369 698 1456 739 autem
1467 688 1548 739 totius
1562 686 1633 739 orbis
1645 695 1722 741 terrae

126 793 268 863 platearum
292 785 433 856 aequalibus
451 782 525 834 lineis
544 798 652 833 currens
673 797 796 849 magnum
817 777 903 830 adbuc
946 776 1103 847 descriptio,
1119 792 1239 845 quamex
1254 784 1327 844 parte
1340 774 1474 843 potuimus
1487 790 1619 828 enarrare.

126 871 306 944 superomnia
323 868 423 920 bonum
443 865 521 917 habet
538 866 565 915 in
578 874 673 934 portu,
692 864 737 931 qui
759 860 903 913 securitatis
983 864 1027 919 63.
1050 864 1127 916 Nunc
1145 860 1301 932 jametiam
1321 861 1354 913 de
1375 861 1465 913 insulis
1487 878 1571 930 pauca
1592 857 1721 916 dicamus.

125 969 165 1010 est
175 957 281 1028 plenus,
297 964 322 1005 et
336 970 406 1005 novo
419 952 475 1002 visu
487 951 640 1019 Neptunum
658 947 714 998 sine
725 946 820 998 timore
830 944 901 997 navi·
947 950 1034 1005 nabes
1051 968 1112 1019 ergo
1126 949 1159 1001 ab
1174 949 1275 1001 oriente
1287 948 1399 1019 primam
1413 947 1526 1000 insulam
1537 957 1563 999 et
1583 948 1723 1001 maximam

128 1043 178 1095 bos
196 1051 318 1112 praestare
338 1037 451 1090 videtur.
473 1036 638 1105 Praecipuum
661 1050 724 1085 vero
746 1030 816 1083 allud
830 1032 857 1083 ln
874 1047 904 1082 ea
945 1038 1079 1109 Cyprum,
1095 1052 1153 1105 quae
1167 1052 1220 1087 non
1231 1045 1289 1103 eget
1300 1034 1404 1086 alterins
1418 1035 1559 1105 provinciae
1572 1034 1599 1086 in
1613 1034 1653 1085 his
1665 1052 1725 1103 qnae

126 1144 193 1197 opus
207 1124 322 1176 invenies
335 1122 487 1193 publicum,
502 1119 588 1172 vicum
603 1118 819 1186 argentariorum,
846 1116 904 1167 iloc
945 1119 980 1174 ad
992 1118 1137 1173 faciendam
1151 1120 1486 1182 navemsuntneeesaar123
1501 1119 1531 1171 in
1546 1135 1574 1171 52
1591 1120 1662 1171 mim
1677 1118 1725 1171 ha.

128 1224 216 1266 autern
230 1214 256 1263 in
278 1228 308 1262 ea
328 1208 456 1279 culpabile
477 1206 625 1277 repperitur
648 1203 720 1275 quod
742 1203 904 1256 contentiose
946 1205 1010 1259 bere
1019 1205 1107 1258 omnia
1118 1204 1279 1275 perhibetur,
1292 1203 1342 1256 boe
1351 1214 1390 1255 est
1399 1202 1468 1272 ligna
1476 1202 1587 1265 diversa,
1601 1220 1726 1255 aeramen.

127 1300 206 1351 trimis
214 1308 339 1369 spectant.
348 1298 407 1365 Ipsa
418 1304 505 1346 antem
513 1293 584 1363 regio
592 1290 685 1345 Africae
694 1299 733 1342 est
739 1288 812 1342 valde
822 1289 902 1351 bona,
948 1302 1022 1355 tum,
1037 1290 1152 1353 serrum,
1166 1290 1268 1359 picem,
1282 1288 1364 1341 linum
1378 1288 1422 1357 [in
1439 1288 1566 1357 uelorum]
1581 1298 1607 1340 et
1618 1291 1726 1343 restium

127 1384 202 1435 diaes
214 1393 241 1433 et
253 1380 354 1451 ampla,
374 1379 493 1431 homines
507 1388 595 1431 autern
611 1374 733 1445 indignos
746 1375 845 1427 habens
858 1391 903 1444 pa·
947 1392 1043 1441 usum,
1057 1384 1083 1427 et
1104 1374 1152 1427 alia
1172 1373 1253 1425 multa
1270 1372 1339 1425 bona
1357 1372 1454 1425 dicitur
1467 1372 1611 1425 abundare.
1627 1372 1728 1427 Deinde

130 1472 200 1532 triae;
214 1466 298 1519 dolosi
309 1468 379 1518 enim
393 1482 447 1535 esse
459 1464 594 1528 dicuntur,
609 1460 658 1514 alia
671 1460 778 1532 quidem
790 1458 905 1511 dicentes
947 1459 1065 1523 liubasa,
1084 1476 1163 1529 quam
1178 1476 1233 1510 esse
1255 1456 1329 1509 ralde
1351 1457 1465 1511 nobilem
1489 1456 1575 1509 ierunt
1599 1468 1625 1509 et
1639 1458 1727 1511 multis

127 1567 156 1608 et
168 1556 216 1607 alia
231 1554 362 1613 iacientes,
376 1552 433 1603 licet
444 1549 648 1623 interplurimos
658 1548 740 1599 malos
751 1547 827 1619 pauci
841 1545 904 1597 boni
948 1544 1025 1596 bonis
1038 1552 1169 1596 ornatam.
1188 1544 1250 1595 Post
1263 1543 1345 1612 ipsam
1357 1540 1451 1595 insulas
1465 1542 1580 1593 invenies
1594 1540 1726 1610 Cycladas,

128 1640 228 1709 possint
243 1638 349 1688 forsitan
360 1635 482 1687 inveniri.
948 1648 1008 1700 qua
1024 1630 1084 1682 linet
1104 1629 1193 1681 multae
1211 1630 1280 1692 sint,
1295 1645 1387 1681 omnes
1407 1638 1494 1681 tamen
1513 1644 1590 1681 suum
1610 1626 1727 1697 judicem

166 1728 208 1773 62.
233 1720 334 1773 Deinde
347 1728 406 1791 post
419 1737 525 1770 omnem
538 1717 634 1771 Airieae
655 1714 788 1785 regionem
806 1712 906 1783 adjacet
948 1716 1046 1769 liabent
1054 1736 1062 1783 ;
1077 1732 1189 1785 quarum
1200 1715 1298 1784 aliquas
1309 1726 1336 1768 ot
1349 1714 1456 1767 nomine
1466 1732 1610 1767 memorare
1624 1732 1728 1767 necesse

129 1819 198 1861 terra
211 1806 313 1858 deserta
329 1804 403 1856 valde
417 1803 540 1856 latissima
560 1804 587 1853 in
609 1800 730 1872 partibus
747 1800 844 1863 austri,
859 1796 906 1852 ubi
948 1813 998 1859 est,
1011 1804 1042 1854 ln
1056 1804 1148 1871 primis
1161 1818 1223 1869 ergo
1239 1800 1362 1855 ilbodum
1372 1818 1517 1871 ponamus,
1532 1800 1559 1853 in
1574 1818 1625 1869 qua
1639 1802 1729 1853 civitas

128 1892 202 1961 ajunt
214 1892 387 1944 barbarorum
401 1900 502 1959 gentem
515 1888 653 1959 pessimam
664 1887 780 1938 babitare
793 1886 838 1955 qui
850 1887 907 1937 ida·
950 1888 1064 1939 araxima
1076 1885 1140 1950 init,
1156 1902 1214 1957 quae
1225 1885 1258 1939 ab
1266 1886 1304 1939 ira
1317 1884 1360 1936 dei
1376 1885 1501 1937 subversa
1508 1894 1557 1936 est.
1570 1884 1601 1935 in
1615 1884 1664 1936 hac
1675 1895 1727 1937 sta·

130 1982 196 2031 sices
211 1989 237 2031 et
251 1977 384 2049 AEtbiopes
398 1986 535 2030 vorantur.
554 1976 617 2027 Post
631 1991 698 2044 quos
711 1973 907 2043 Pentapolitana
950 1983 995 2025 tua
1007 1974 1079 2025 mirae
1094 1970 1296 2041 magnitudinis,
1311 1988 1390 2041 quam
1409 1970 1560 2025 Colosseum
1581 1970 1728 2035 nominant,

129 2066 203 2132 regio
214 2064 342 2132 sequitur,
355 2061 459 2113 modian
474 2060 581 2131 quidem
595 2046 727 2112 sed'dtves
741 2058 870 2111 fructibus
880 2068 907 2110 et
949 2059 1034 2129 posita
1046 2070 1093 2112 est.
1113 2060 1235 2129 Sequitur
1248 2058 1345 2123 Delus,
1360 2076 1418 2128 quae
1436 2058 1464 2109 in
1484 2056 1571 2109 medio
1589 2055 1731 2127 Cycladum

127 2148 268 2219 jumentis,
286 2167 344 2218 qnae
366 2148 431 2201 duas
449 2148 527 2200 habet
546 2147 662 2199 civitates
684 2146 804 2214 antiquas
822 2143 906 2197 Ptole·
951 2146 1017 2209 sita,
1032 2146 1060 2197 in
1071 2162 1124 2216 qna
1140 2146 1241 2199 Latona
1260 2144 1338 2197 enixa
1354 2154 1393 2196 est
1404 2142 1551 2214 Apollinem
1565 2154 1591 2197 et
1608 2145 1728 2199 Dianam.

130 2233 243 2285 anaidem
257 2244 283 2285 et
296 2234 425 2303 Cyrenen,
440 2250 505 2302 quas
515 2230 607 2283 dicunt
621 2230 763 2300 aliquando
774 2246 904 2298 regnasse.
951 2231 1018 2284 Inde
1030 2230 1169 2294 Tenedus,
1186 2230 1248 2285 inde
1268 2230 1389 2294 Imbros,
1413 2248 1472 2300 qua
1494 2228 1601 2281 imbrus
1619 2230 1729 2283 multam

130 2322 282 2388 Postquam
302 2317 380 2369 altera
402 2318 552 2387 provincia,
571 2333 629 2385 quae
650 2315 733 2385 Libya
749 2314 860 2376 dicitnr,
874 2312 908 2365 ab
952 2328 1050 2369 restem
1064 2316 1207 2387 leporinam
1224 2316 1286 2370 eicit
1299 2325 1406 2387 propter
1424 2312 1611 2369 abundantiam
1630 2316 1730 2368 anima·

128 2421 224 2456 occasu
234 2401 395 2455 Alexandria
404 2403 533 2472 proxime,
544 2418 603 2471 quae
612 2400 802 2469 nonaoeipiens
812 2415 907 2469 aquam
952 2404 1018 2457 lium
1040 2421 1099 2473 qua
1117 2404 1145 2456 in
1164 2402 1254 2456 eadem
1273 2401 1332 2457 suit.
1355 2404 1422 2455 lade
1442 2404 1559 2455 Lamnus
1572 2396 1685 2470 adjacet,
1704 2412 1732 2455 et

130 2508 146 2540 e
165 2487 227 2562 caelo
250 2488 325 2557 inops
339 2497 378 2538 est
397 2486 470 2539 valde
482 2496 509 2539 et
531 2486 599 2537 viros
622 2485 792 2555 paucissimos
811 2484 907 2547 habet,
951 2489 1008 2558 ip'sa
1019 2487 1152 2541 moderate
1172 2487 1222 2540 sibi
1233 2486 1380 2551 sufficiens,
1395 2498 1422 2540 et
1434 2488 1524 2539 vinum
1536 2485 1679 2557 plurimum
1692 2485 1730 2539 ie·

130 2574 176 2626 sed
190 2575 290 2638 bonos,
312 2572 454 2645 prudentes
471 2582 498 2625 et
515 2574 583 2643 pios.
598 2571 678 2624 Unde
700 2583 788 2623 antem
807 2573 844 2624 eis
856 2572 908 2626 hoc
951 2592 1012 2627 rens
1024 2574 1183 2627 Macedoniae
1197 2575 1308 2627 mittitet
1316 2574 1433 2627 Thraciae
1443 2573 1553 2642 regioni.

93 2746 117 2803 B
130 2760 191 2803 stat.
199 2747 551 2817 Quamuitasetdiil'erentes
557 2748 672 2799 civitates
678 2745 823 2817 possidens,
829 2764 909 2799 unam
955 2758 982 2799 et
995 2746 1096 2801 deserta
1110 2758 1179 2801 terra
1191 2749 1304 2801 maxima
1313 2750 1339 2801 in
1353 2749 1435 2800 austri
1449 2746 1583 2817 partibus;
1597 2746 1643 2798 ubi
1654 2734 1734 2817 'ajunt

132 2833 623 2906 praecipnametadmirabilemniminm
632 2833 911 2902 habet,quaestevoca-
955 2832 983 2884 in
1004 2833 1113 2885 minima
1130 2834 1294 2903 parteipsius
1314 2832 1408 2885 deserti
1424 2833 1542 2885 habitare
1560 2831 1733 2884 barbarorum

131 2918 404 2990 turCartbago;qnam
411 2918 909 2988 condiditmnlierTyrianomineDido,
954 2935 1063 2992 paucam
1079 2928 1253 2988 gentemque
1276 2919 1312 2972 sic
1325 2928 1433 2972 vocatur
1444 2917 1571 2971 ldazicum
1588 2927 1614 2970 et
1632 2915 1734 2969 AEthio-

126 3025 192 3075 ¹quae
206 3024 267 3060 eum
277 3007 387 3076 Libyam
399 3006 525 3071 venisset,
544 3005 632 3058 locum
650 3007 714 3069 emit
726 3015 853 3074 quantam
869 3022 911 3056 eo
955 3023 1030 3076 pum.
1045 3007 1107 3058 Post
1118 3007 1169 3059 hoe
1186 3006 1320 3058 invenitur
1335 3006 1407 3074 regio
1419 3003 1634 3076 Pentapolitana,
1652 3019 1735 3074 pauca

133 3093 202 3152 rium
220 3090 349 3144 bubulum
363 3092 552 3144 circumtenete
565 3091 666 3160 potuit,
681 3099 711 3142 nt
724 3090 849 3158 Virgilius
861 3091 909 3153 ait,
955 3091 1001 3144 sed
1018 3089 1146 3146 fructibus
1158 3103 1185 3144 et
1198 3091 1326 3161 jumentis
1339 3092 1428 3158 dives,
1450 3109 1508 3162 qua
1526 3092 1643 3144 civitates
1656 3089 1735 3142 habet

65 3175 69 3182 “
131 3177 289 3244 cognomine
298 3178 378 3246 Byrsa
383 3194 461 3247 3qnae
471 3175 643 3248 dispositione
650 3176 722 3229 valde
728 3176 912 3245 gloriosissima
954 3179 1074 3247 antiquas
1085 3175 1162 3246 duas,
1172 3176 1359 3230 Ptolemaidem
1373 3187 1400 3230 et
1411 3178 1541 3248 Cyrenen,
1562 3193 1628 3245 quas
1641 3175 1734 3228 dicunt
1842 3175 1846 3184 '

131 3271 249 3325 constat;
266 3259 472 3314 inmensitatem
487 3279 549 3314 vero
567 3248 656 3314 imum
669 3278 719 3330 pro
737 3261 797 3314 lacn
809 3261 911 3330 'possi
955 3261 983 3312 in
998 3271 1116 3333 tempore
1128 3279 1258 3330 regnasse.
1273 3263 1334 3314 Post
1351 3278 1430 3332 quam
1443 3261 1531 3322 altera
1541 3260 1675 3332 provincia
1689 3259 1734 3312 Li·

134 3346 200 3400 dens
209 3347 401 3411 habetdeum
413 3349 509 3399 etenim
525 3347 646 3400 ordinem
655 3347 782 3400 mwum
791 3346 870 3399 habet
883 3349 911 3400 ia
956 3345 1551 3420 byaenomine,pmpinquansetipsaaboccasu
1557 3343 1732 3410 Alexandriae,

134 3434 205 3484 vicos
220 3432 345 3502 aqualem
357 3442 384 3484 et
400 3442 507 3502 portum
526 3451 606 3504 snper
620 3450 700 3485 omne
709 3449 808 3485 novnrn
826 3433 911 3485 risam
955 3449 1078 3504 qnaenon
1091 3435 1186 3504 accipit
1199 3451 1293 3504 aquam
1307 3434 1341 3488 de
1351 3433 1433 3498 coelo;
1449 3434 1519 3486 viros
1532 3432 1639 3503 quidem
1652 3431 1732 3484 babet

134 3515 411 3586 habens,Neptnuum
422 3517 478 3568 sine
491 3517 584 3569 timore
593 3517 699 3569 narium
713 3534 834 3570 amenum
844 3535 912 3587 prae·
956 3535 1070 3590 paucos,
1084 3529 1171 3572 tamen
1185 3517 1270 3571 bonos
1280 3529 1306 3572 et
1319 3520 1377 3589 pios
1397 3528 1424 3571 et
1436 3517 1594 3588 prudentem
1609 3526 1674 3586 pnto
1688 3533 1735 3568 au·

135 3613 204 3655 stare
219 3601 334 3665 videtur;
352 3602 495 3654 securitatis
509 3603 579 3654 enim
593 3602 686 3672 plenus
703 3613 751 3657 est.
769 3605 803 3655 Et
816 3604 912 3656 iterum
956 3613 1009 3656 tem
1020 3601 1093 3672 quod
1102 3602 1201 3654 bonum
1211 3604 1247 3656 eis
1260 3601 1490 3654 nonestnisiadei
1502 3601 1666 3667 eruditione(
1676 3617 1729 3652 non

136 3688 298 3756 praecipnum
311 3688 501 3758 inveniesnpus
518 3687 654 3758 publicum
666 3691 693 3741 in
709 3707 754 3753 ea,
770 3691 857 3742 vicum
871 3707 913 3742 ar·
956 3687 1064 3758 pluente
1082 3689 1121 3740 eis
1138 3703 1186 3757 per
1199 3687 1313 3756 singulos
1327 3687 1431 3758 annos).
1447 3683 1551 3738 Deinde
1569 3685 1625 3753 jam
1638 3685 1734 3735 iterum

135 3775 362 3840 geatarinrnm.1n
370 3772 566 3826 delectabilibus
578 3792 641 3828 vero
656 3793 740 3828 nnnm
760 3776 914 3845 solumspe-
957 3774 1124 3828 Alexandria.
1137 3775 1170 3826 Et
1182 3772 1237 3826 baec
1245 3772 1352 3844 quidem
1366 3773 1438 3824 orbis
1452 3783 1536 3834 terrae,
1554 3773 1734 3823 Romanorum

135 3859 264 3910 ctaeulum
273 3858 346 3910 valde
356 3860 517 3910 comertiose
530 3871 650 3929 spectant
658 3861 814 3924 habitantes,
825 3877 915 3912 mune-
957 3869 1101 3930 quoquest
1116 3857 1288 3911 barbarorum
1300 3868 1411 3922 terram,
1427 3857 1532 3926 (quod)
1552 3873 1584 3907 ex
1598 3865 1672 3925 parte
1689 3853 1732 3905 di·

135 3961 206 3994 ram.
227 3945 286 4012 ipsa
306 3953 392 3994 autem
413 3945 484 4012 regio
498 3945 593 3998 atriae
611 3945 738 3998 neratde
753 3946 868 3997 maxima
886 3955 913 3997 et
957 3963 1015 3998 cere
1026 3947 1171 4016 potuimus,
1189 3947 1249 4000 Non
1270 3945 1341 3996 enim
1355 3945 1444 3996 omnia
1458 3944 1602 3996 certissime
1620 3941 1735 3994 conscri-

136 4026 204 4078 bona
215 4038 241 4078 et
254 4025 337 4090 dives,
352 4027 470 4078 homines
479 4038 567 4080 autem
577 4029 675 4082 habens
690 4048 743 4083 non
762 4030 856 4099 dignos
868 4047 913 4099 pa·
959 4030 1019 4082 bero
1029 4029 1150 4100 possibile
1168 4039 1223 4082 erat
1233 4031 1241 4093 ’ς
1257 4039 1344 4082 tamen
1358 4030 1406 4081 etsi
1415 4027 1482 4081 iorte
1496 4027 1573 4080 latuit
1586 4043 1635 4078 nos
1648 4024 1736 4096 aliqua

136 4115 206 4178 triae3
221 4114 294 4180 regio
310 4113 380 4164 enim
397 4111 479 4164 multa
494 4122 521 4165 et
532 4113 616 4180 bona,
638 4115 758 4168 homines
776 4133 838 4166 vero
857 4133 913 4166 non
957 4133 1034 4186 pars,
1053 4125 1151 4177 tamen,
1164 4124 1193 4166 ut
1203 4115 1307 4184 opinor,
1319 4131 1373 4165 non
1383 4111 1466 4167 valde.

136 4198 190 4260 sic;
212 4197 295 4248 dolosi
307 4199 378 4248 enim
390 4214 469 4266 quam
483 4197 589 4267 plurimi
602 4217 695 4252 omnes
706 4217 762 4252 esse
774 4199 909 4261 dicuntur,
992 4201 1035 4254 63.
1053 4201 1088 4252 Ut
1099 4217 1153 4251 non
1164 4211 1251 4251 autem
1265 4197 1407 4250 insularum
1421 4207 1503 4250 totam
1517 4196 1653 4248 historiam
1666 4211 1733 4265 prae·

136 4281 187 4333 alia
209 4281 317 4350 quidem
328 4280 458 4343 dieentes,
474 4282 523 4334 alia
544 4293 632 4336 autem
650 4283 787 4349 iacientes;
808 4283 913 4337 difficile
958 4285 1101 4338 termittere
1121 4283 1220 4348 videar,
1239 4281 1293 4352 jam
1309 4292 1334 4334 et
1359 4281 1470 4346 insulas,
1492 4297 1551 4352 quae
1565 4278 1736 4331 mediomari

136 4377 223 4419 autem
235 4368 302 4418 inter
310 4385 355 4418 eos
362 4368 698 4434 inveniturbonus3tamen
706 4373 733 4423 in
740 4371 828 4423 multis
836 4371 913 4442 pauci
959 4372 1051 4440 posita
1064 4380 1142 4433 sunt,
1162 4378 1187 4422 et
1207 4369 1276 4438 ipsas
1294 4376 1455 4419 memoratus
1475 4367 1512 4418 sio
1533 4365 1679 4417 orationem
1691 4362 1736 4414 de·

137 4453 201 4505 b⁰¹¹l
214 4470 269 4504 &⁸0
282 4465 401 4523 imuni-
958 4457 1053 4510 sinam.
1068 4453 1154 4508 Habes
1167 4472 1229 4524 ergo
1243 4455 1276 4507 ab
1289 4455 1391 4508 oriente
1404 4449 1500 4506 insulas
1511 4451 1568 4504 sie:
1587 4452 1699 4521 primam
1711 4459 1738 4502 et

173 4544 216 4592 tin.
233 4539 335 4591 Deinde
348 4550 407 4610 post
426 4539 521 4594 Africae
534 4559 642 4609 omnem
653 4543 787 4612 regionem
808 4541 909 4613 adjanet
958 4544 1099 4597 maximam
1113 4543 1245 4614 Cyprum,
1261 4557 1319 4612 quae
1332 4540 1397 4594 solet
1411 4557 1503 4594 navem
1513 4538 1656 4606 confinem
1669 4537 1737 4590 dici·

145 4659 1729 4688 *maun—w

136 4729 196 4783 AEn.
208 4727 253 4781 lib.
268 4745 278 4781 1
293 4729 384 4781 :lacus
400 4728 429 4781 in
439 4729 500 4782 urbe
513 4729 570 4796 snit
583 4730 678 4793 media,
693 4731 845 4786 iratissimus
858 4751 913 4784 um·
933 4749 937 4754 ’
956 4733 1014 4800 jam
1031 4730 1149 4802 sequitur
1160 4728 1335 4800 Alexandria]
1351 4729 1422 4780 loctts
1434 4727 1553 4798 sequitur
1572 4724 1740 4778 Alexandria

137 4807 194 4860 bra.
209 4809 372 4862 nGoraora.
393 4809 434 4860 Ci.
451 4811 558 4862 Dureau
579 4809 648 4862 dela
661 4811 739 4863 Malle
760 4815 871 4882 Topogr.
885 4810 917 4862 de
960 4811 1023 4862 (lav.
1040 4807 1134 4877 li-B.
1149 4809 1273 4879 paucam]
1290 4817 1422 4879 praciam?
1440 4807 1451 4874 ll
1471 4835 1505 4846 ··-
1523 4821 1601 4875 qaam
1615 4802 1739 4856 civitates

140 4886 264 4950 (artingo
274 4903 300 4954 p.
319 4889 378 4940 181.
392 4887 519 4938 Fortassis
533 4889 561 4940 in
571 4889 659 4956 graecis
676 4887 725 4941 luit
740 4905 747 4940 :
761 4889 854 4950 κάλλος
872 4887 915 4952 δὲ,
960 4888 1037 4939 labet
1048 4885 1172 4954 antiquas
1183 4885 1235 4937 dao
1247 4883 1405 4937 Ptolemaide
1422 4895 1448 4935 et
1461 4880 1595 4953 Quirenim
1606 4879 1667 4935 cod.
1681 4881 1692 4948 il
1704 4907 1739 4920 -·-

32 5015 35 5018 .
138 4961 212 5022 ἕλσῠς
224 4961 261 5014 ἔπ’
275 4961 347 5033 ἄλσει
358 4965 509 5034 κεκτημένη,
535 4963 590 5034 ἔχει
608 4964 735 5027 ἔλαιῶνος.
757 4968 767 5035 ΙΙ
781 4967 916 5018 -vicnm
961 4985 1011 5018 nan
1024 4976 1064 5017 est
1077 4962 1140 5032 nni]
1153 4963 1219 5014 inest
1233 4962 1287 5016 nisi
1301 4961 1395 5016 codex.
1408 4963 1472 5014 Mox
1487 4959 1564 5012 verba
1575 4976 1625 5010 non
1635 4957 1740 5028 ptaenta

133 5040 324 5108 argentariam]
334 5040 398 5111 Ejus
413 5045 532 5095 meminit
540 5045 567 5100 S,
580 5046 742 5114 Augustinus
754 5045 873 5100 Coniess.
887 5050 916 5109 ti,
961 5045 999 5098 eis
1009 5043 1185 5116 persingulas
1202 5061 1283 5095 aanor
1296 5042 1349 5094 buc
1369 5041 1502 5094 alienasse
1513 5037 1636 5090 videntur
1648 5052 1681 5088 ex
1691 5051 1738 5086 an·

139 5137 165 5185 9.
183 5122 242 5187 ΙΙ-
262 5123 404 5191 muneram]
429 5147 440 5167 ι
461 5125 559 5174 Munus
577 5123 758 5192 gladiatorium
780 5125 913 5193 intelligit,
961 5135 1039 5185 teor..
1054 5122 1100 5174 ubi
1112 5131 1170 5191 post
1183 5137 1273 5174 vocem
1288 5120 1350 5173 cralo
1361 5116 1498 5172 inserenda
1508 5124 1578 5177 sunt,

138 5195 212 5267 cujus
226 5197 448 5268 Carthaginienses
461 5203 573 5253 masinae
583 5201 702 5255 studiosi.
716 5226 729 5248 ι
746 5204 756 5270 t}
770 5203 914 5269 -56aA
997 5201 1068 5268 563.
1084 5202 1114 5251 in
1129 5201 1150 5250 B
1167 5216 1174 5250 :
1190 5197 1345 5268 insularum]
1370 5197 1449 5250 solam
1470 5191 1653 5249 cadentttem
1675 5207 1737 5244 mox
