3884 5925
837 448 1010 510 BlONYSll
1032 451 1225 513 BYZANTll·

1004 615 1012 622 ·
1032 577 1112 643 'Nam
1127 589 1270 659 Dionysius
1286 591 1399 661 scriptor
1415 591 1487 644 orbis
1501 593 1601 662 (8ο5),
1620 605 1680 664 post
1700 596 1836 667 Bithynos

1046 682 1157 743 postque
1171 676 1269 726 ostium
1283 677 1361 728 Ponti
1382 678 1459 747 pouit
1477 678 1616 749 Bebrycas.
1638 680 1745 734 Charon
1767 683 1834 750 (ap.

977 794 980 800 -
1047 760 1101 812 sch.
1119 759 1205 830 Apoll.
1223 761 1275 815 Rh.
1287 762 1363 832 α,.ο)
1378 773 1468 817 narrat
1487 766 1726 834 Lampsacenorum
1743 766 1837 835 regio·

943 863 947 868 ·
1046 862 1107 896 nem
1119 847 1192 915 prius
1200 846 1354 916 appellatam
1364 847 1442 900 luisse
1453 848 1627 919 Bebrycium,
1643 850 1838 904 unde'l’netm

1047 932 1058 997 (
1065 931 1133 984 Chil.
1148 948 1171 994 ι,
1185 930 1249 1002 840)
1263 950 1342 984 ausus
1351 942 1389 984 est
1401 943 1484 986 totum
1493 933 1691 1005 Hellespontum
1700 936 1837 1006 appellare

280 577 349 626 ἆθλον
360 577 398 627 ἰπὶ
413 578 506 635 Ειίνοισι
518 580 667 640 περικτιόνων
681 581 818 644 ἀνθρώπων,

279 646 343 704 ὅστις
357 648 395 697 έπί
409 651 524 712 σταθμοὺς
540 649 576 708 ἠδ’
586 651 691 712 ἀστεμφῆ
701 652 773 714 δόμον
786 653 844 714 ίξοι,
865 711 867 715 ι

279 717 376 778 θήκατο,
389 721 523 783 πυγμαχίης
534 720 664 782 ὑπερόπλου
672 723 816 784 πειρηθῆναι.

235 789 238 794 ’
280 790 329 838 Τοῦ
343 789 384 850 μὲν
395 789 431 851 ἀρ’
442 791 545 847 ἠίστωσε
559 791 611 853 βίην
625 794 733 854 κρατερός
742 792 890 851 Πολυδεύκης

279 857 353 920 τύψας
364 858 500 921 ἀπροφάτως
510 863 610 921 κεφαλὴν
620 861 754 924 σκληροῖσιν
767 865 860 924 ἰμᾶοιν.

278 928 357 984 Δαοὺς
368 929 390 976 δ’
399 928 429 977 αὖ
441 930 561 992 Βιόρόκων
571 931 656 980 Μινύαι
668 932 750 994 χαλκῷ
761 934 898 996 κατένηραν.

280 997 353 1046 Ἔνθα
365 999 386 1046 δ’
396 1000 576 1062 ἀφορμηθέντες,
587 1001 626 1049 ὑπ’
635 1001 721 1062 εἰρεσίῃ
731 1018 756 1050 τε
768 1002 891 1063 καμόντες,

279 1068 380 1116 Βιθυνῶν
392 1070 452 1130 μέγα
467 1069 526 1118 ἀστυ
541 1070 637 1131 πλατείη
649 1071 765 1133 κέλσαμεν
776 1071 850 1135 ἀκτῇ,

279 1137 417 1195 σπεύδοντες
427 1147 537 1205 προχοαῖς
548 1142 585 1200 ἧδ’
597 1144 620 1190 έν
628 1145 760 1204 νιφοιργέσιν
772 1145 836 1198 ὕλαις

279 1208 372 1271 ἰσπεροι
388 1209 530 1268 αὐλισθέντας
547 1213 686 1273 ἐφοπλίσσαι
701 1214 761 1274 μέγα
770 1213 861 1277 δόρπον.
958 1273 963 1283 ¹

278 1277 412 1327 Ἐνθα“ποτ’
425 1280 551 1344 αἰνόγαμος
565 1283 648 1338 Φινεὺς
658 1283 779 1346 ὑπερήνορι
789 1286 869 1344 θυμῷ,

279 1347 356 1403 δοιοὺς
375 1348 494 1404 ἐξαλάωσε
511 1352 606 1412 γόνους,
616 1353 729 1415 προδλῆσί
745 1369 771 1402 τε
782 1354 875 1414 πέτραις

279 1418 358 1481 θηρσὶν
371 1421 429 1483 ἰλὼρ
438 1422 553 1484 προῦθηκε
563 1428 664 1484 γυναιῶν
674 1423 751 1471 εἰνεκα
762 1422 869 1485 φίλτρων.

217 1527 321 1582 Deinde
330 1529 409 1601 paulo
422 1529 491 1584 infra
501 1532 537 1584 ait
548 1533 622 1599 (682)
637 1549 643 1584 :

279 1639 356 1703 Αθτάρ
370 1645 392 1690 οῖ
400 1645 487 1700 Φινῆος
496 1641 645 1705 Ἀγηνορίδαο
655 1643 759 1700 λιπόντες
841 1634 849 1647 ’

279 1709 360 1771 αιἰλιν,
373 1711 431 1773 ὑπὲρ
443 1712 502 1772 μίγα
513 1713 600 1773 λαῖτμα
609 1712 725 1770 θαλάσσης
735 1712 872 1777 ἰξικόμισθα

281 1781 356 1843 ἀγχοῦ
366 1783 480 1836 Κυανέαις
493 1783 595 1844 πέτραις.

1045 1017 1215 1088 Bebrycium,
1226 1029 1252 1072 et
1264 1029 1345 1072 totam
1362 1019 1549 1090 Propontidem
1563 1021 1726 1092 Bebrycium.
1740 1022 1791 1075 Sed
1805 1032 1839 1074 et

1045 1102 1171 1172 Bithynos
1190 1103 1335 1156 accolentes
1356 1107 1503 1175 Bosporum
1522 1106 1663 1176 appellatos
1682 1107 1760 1160 luisse
1779 1110 1838 1160 Be·

985 1215 989 1222 ·
1046 1187 1153 1258 hrycns‚
1166 1207 1228 1241 cum
1244 1207 1278 1242 ex
1295 1190 1435 1262 Nymphi⁶
1453 1191 1606 1244 Heracleote
1619 1192 1759 1259 colligitur,
1775 1203 1837 1245 tra·

1045 1271 1124 1326 'dente
1137 1274 1264 1345 Bithynos
1283 1275 1363 1327 etimn
1380 1275 1521 1347 appellatos
1540 1275 1618 1329 luisse
1635 1276 1780 1348 Mygdone·
1804 1289 1838 1331 et

1044 1359 1173 1430 Bebryces
1183 1361 1193 1426 (
1203 1377 1270 1431 quos
1283 1360 1377 1413 Strabo
1395 1364 1440 1431 (p.
1453 1361 1516 1430 295.
1538 1363 1608 1430 ⁵41)
1628 1361 1694 1414 dicit
1706 1375 1767 1416 ante
1780 1364 1834 1416 Bi-

1045 1443 1140 1514 thynos
1161 1447 1272 1516 Mysiam
1293 1446 1446 1511 incoluisse,
1473 1447 1601 1500 oriundos
1628 1467 1644 1500 π
1668 1449 1836 1519 Bebrycibus

1043 1531 1191 1599 Thraciae),
1219 1542 1276 1584 tum
1303 1532 1432 1602 Bithynos
1470 1533 1635 1603 Bosporanus
1662 1547 1836 1606 nuncupatos

1045 1616 1123 1668 luisse
1139 1617 1267 1687 Bebryoes
1279 1617 1362 1686 liquet
1372 1635 1404 1669 ex
1414 1617 1472 1669 aula
1483 1619 1576 1688 Amyci
1585 1618 1733 1690 Bebryeum
1747 1623 1832 1689 regis,

1043 1721 1123 1773 quam
1130 1703 1205 1774 juxta
1216 1707 1363 1776 Bosporum
1376 1706 1402 1756 in
1413 1706 1474 1757 Asia
1483 1706 1559 1758 sitam
1569 1705 1648 1758 luisse
1656 1705 1834 1777 deprehendo

1043 1807 1076 1841 ex
1087 1790 1227 1860 Apollonio
1241 1791 1341 1860 Orphei
1363 1791 1519 1861 interprete,
1541 1809 1595 1843 non
1616 1795 1704 1844 minus
1722 1794 1834 1862 egregio

1043 1879 1281 1946 Argonautieorum
1304 1890 1381 1950 poeta
1404 1897 1483 1949 quam
1508 1879 1657 1950 geographo
1678 1897 1757 1944 vero,
1781 1883 1833 1950 qui

1042 1976 1180 2036 postquam
1194 1953 1326 2030 narravit]
1341 1960 1567 2035 quemadmodum
1585 1969 1834 2036 praetemavigarint

1042 2052 1164 2122 Cyzicum
1177 2051 1305 2121 usquead
1320 2053 1412 2116 Cium,
1425 2051 1522 2104 deinde
1536 2051 1644 2121 subjicit
1655 2053 1698 2120 (r,
1716 2053 1806 2125 1358)
1821 2069 1830 2106 ε

216 1903 256 1957 et,
268 1893 359 1965 paums
372 1891 529 1962 interjectis,
546 1897 618 1962 (711)
636 1911 642 1947 :

278 2001 336 2051 Ἀλλ’
343 2001 382 2050 ότι
391 2003 419 2060 δὴ
431 2004 544 2064 πορθμοῖο
553 2003 615 2052 κατὰ
626 2005 703 2067 στόμα
713 2005 753 2053 καί
767 2006 806 2054 διὰ
819 2006 904 2069 πέτρας

277 2072 382 2128 Κυανέας
391 2074 475 2136 ἡμειψε
481 2073 549 2129 λάλος
554 2073 642 2136 τρόπις,
653 2076 730 2125 αὐτίκ’
740 2076 807 2139 ἀράἰ
815 2092 842 2137 γε

278 2141 392 2204 βυσσόθεν
407 2144 543 2206 θρριζοῡντο,
558 2146 598 2192 καί
609 2144 707 2204 ίμπεδον
721 2148 770 2196 αἰὲν
782 2147 886 2208 ἰμιμνον.

278 2213 347 2261 Οθτω
357 2214 402 2276 γάρ
412 2215 497 2276 Μοῖραι
509 2214 561 2264 τάδ’
575 2216 740 2265 ἐπεκλώσαντο
750 2218 850 2279 βαρεῖαι.

283 2283 330 2331 Καὶ
340 2284 392 2333 τότε
401 2286 430 2342 δι)
442 2285 595 2348 προφυγόντες
603 2285 703 2334 ἀδευκέα
716 2285 803 2348 πήματ’
815 2287 919 2348 ὀλέθρου,

277 2354 388 2410 Ῥηόαίου
399 2354 502 2418 προχοάς
513 2371 547 2415 τε,
559 2356 675 2404 Μελαιναν
686 2355 707 2403 θ’
717 2355 806 2418 ἱκόμεθ’
822 2356 903 2415 ἀκτήν.

1103 2177 1166 2230 Ιθηῡν
1178 2174 1203 2222 δὲ
1212 2173 1356 2235 πανημερίην
1369 2174 1453 2233 ἄνεμος
1466 2175 1518 2235 φέρε
1527 2174 1592 2223 νυκτί
1601 2190 1627 2222 τε
1638 2173 1702 2237 πάσῃ

1103 2243 1184 2304 λάόρος
1201 2244 1333 2292 ἐπιπνείων
1344 2244 1403 2307 ἀτὰρ
1415 2243 1465 2292 οὐδ’
1475 2245 1512 2292 ἐπί
1522 2245 1598 2292 τιτθόν
1609 2244 1667 2301 ἀητο
1725 2280 1731 2287 .

1103 2314 1158 2370 ἠοῦς
1164 2314 1309 2374 τελλομένης.
1322 2315 1352 2361 ot
1363 2315 1386 2361 ll
1396 2315 1477 2375 χθονός
1488 2314 1656 2374 εἰσανέχουσαν

1104 2380 1175 2438 ἀκτὴν
1190 2382 1217 2429 ts
1228 2382 1325 2430 κόλποιο
1336 2382 1390 2442 μάλ’
1400 2383 1490 2441 εὐρεῖαν
1499 2383 1616 2430 ἐσιδέσθαι

216 2461 257 2512 Ex
268 2458 309 2512 his
324 2458 433 2529 quidem
441 2459 603 2529 percipimus
617 2459 704 2518 aulam
722 2459 816 2512 Phinei
834 2458 912 2511 luisse
929 2461 997 2511 inter
1105 2451 1275 2537 ywttt'tlms
1287 2452 1396 2536 κὼπῖσῐ)
1407 2451 1675 2543 ἅμ’ἧξλίῳνὲῖξὲῖξθξαὴ
1698 2463 1703 2466 ’

216 2545 333 2614 Cyaneas
344 2545 464 2613 interque
481 2543 568 2596 aulam
581 2545 690 2615 Amyci,
711 2544 835 2615 adquam
854 2545 945 2597 Pollux
960 2545 997 2596 ri·
1105 2520 1200 2636 ΒῗἸῆδ
1218 2521 1275 2569 ’ω’
1289 2523 1389 2638 {alim
1402 2538 1426 2570 τ’
1437 2523 1500 2583 β”Ν
1510 2522 1603 2576 ‘'m‘'
1622 2527 1739 2584 ΛΜΨ·

215 2630 251 2682 eit
264 2632 394 2698 Amycum
406 2645 492 2696 regem
502 2627 652 2698 Bebrycum
666 2647 672 2682 :
688 2628 734 2681 sed
747 2640 837 2681 utrum
853 2629 879 2680 in
890 2631 997 2698 Europa
1083 2692 1089 2704 Ι
1136 2590 1292 2652 emim
1308 2596 1357 2648 ἦκ’
1398 2695 1404 2707 1
1601 2697 1607 2708 .
1655 2697 1660 2708 ι

200 2732 248 2768 ἐτι
260 2717 287 2768 iu
303 2716 365 2769 Asia
384 2714 464 2767 suerit
483 2714 546 2766 urbs
569 2714 612 2766 illa
629 2731 739 2784 magna,
754 2732 834 2785 quam
854 2714 918 2768 dicit
939 2735 995 2768 esse
1041 2690 1291 2762 DemdeP⁰⁵lquam
1303 2706 1426 2755 'mmm’
1440 2704 1471 2746 ¹¹²
1481 2694 1831 2766 P⁰¹¹¹¹¹ll⁰⁰f¹¹ll¹¹¹l⁰¹¹¹¹¹v

215 2802 389 2872 Bithynorum
402 2802 480 2853 sitam
492 2802 518 2852 in
530 2800 582 2852 lato
594 2801 696 2864 littore,
712 2801 898 2873 Orpheusnou
910 2802 996 2856 decla·
1040 2787 1067 2830 θ’
1088 2778 1162 2832 hum
1183 2783 1301 2834 emmau
1324 2785 1483 2850 Primum
1503 2784 1682 2847 mavelim»
1706 2780 1833 2852 adiungit

215 2898 272 2954 rat;'
283 2905 344 2942 nam
358 2888 381 2938 si
395 2887 494 2956 legatur
507 2887 579 2957 (67ο)
597 2905 603 2940 :
1042 2861 1084 2934 (ἀν
1102 2864 1169 2936 164)
1191 2881 1197 2917 ²

1102 2989 1179 3052 Ἦμος
1188 2992 1209 3041 δ’
1218 2993 1294 3050 ἠιλιος
1305 2994 1415 3057 δροσερὰς
1427 2994 1546 3058 ἀπέλαμψε
1555 2996 1673 3055 κολῶνας,

1102 3060 1129 3108 ³²
1140 3063 1244 3124 περάτων
1255 3064 1334 3123 ἀνιών.
1345 3065 1423 3127 tine
1435 3066 1460 3113 st
1472 3066 1645 3128 idumeae,

1071 3148 1075 3153 ·
1101 3128 1130 3187 δι)
1139 3131 1191 3179 τότε
1200 3131 1325 3193 λυσάμενοι
1334 3132 1416 3189 νεάτης
1424 3134 1451 3181 ἐκ
1462 3134 1581 3195 πείσματα
1591 3134 1705 3196 δάφνης...

1106 3205 1174 3261 πνοιῇ
1187 3200 1284 3256 δινήεντ’
1300 3201 1345 3248 ἀνά
1356 3201 1476 3264 Βόσπορον
1488 3202 1599 3251 ἰθύνοντο.

276 3009 378 3059 Ἐνθαδ
389 3008 554 3071 ἀφορμηθέντες
565 3010 605 3058 ἀπ’
617 3009 704 3072 εἰρεσίῃ
715 3025 741 3059 τε
752 3010 867 3073 καμόντες

278 3080 381 3129 Βιθυνῶν
393 3080 454 3141 μέγα
465 3080 526 3129 ἀστν
536 3078 634 3141 πλατείη
643 3081 759 3143 κίλσαμιν
773 3082 833 3143 άκτῇ
842 3074 864 3142 ⁵,

215 3184 319 3255 ridetur
332 3183 469 3237 ostendere
490 3183 559 3236 illam
580 3182 659 3237 luisse
672 3184 758 3237 aulam
779 3186 890 3255 Amyci,
913 3204 997 3239 exeo

153 3334 160 3345 ·
214 3272 286 3344 quod
303 3271 472 3374 llouomus'
487 3282 565 3343 Pom
574 3271 684 3373 q-u'dem.
693 3274 996 3373 Arglqauulormd’wd
1040 3326 1102 3378 Post
1115 3324 1201 3387 addit,
1218 3337 1248 3379 ut
1261 3337 1318 3380 toto
1332 3327 1376 3380 illo
1394 3328 1437 3380 die
1451 3328 1541 3381 nlllicti
1554 3330 1751 3400 tempestatibus
1763 3328 1826 3381 ine·

214 3361 314 3460 (ἀφῶ
328 3370 471 3460 mmploe’
485 3359 571 3412 mm
590 3362 685 3430 ΑΜ
703 3360 795 3413 scum
811 3360 889 3413 sume
905 3380 931 3413 ω
945 3362 996 3415 hm
1039 3412 1094 3465 rint
1121 3412 1300 3482 postridieque
1313 3416 1480 3484 pervenerint
1493 3412 1526 3466 ad
1539 3417 1697 3468 maritimam
1711 3414 1827 3467 domum

214 3446 317 3513 littore,
330 3464 391 3501 cum
402 3456 439 3499 art
453 3445 506 3517 (1,
523 3446 624 3517 1360)·.
672 3556 675 3561 μ
1043 3451 1198 3569 (ἀντἰπέρην
1221 3491 1285 3568 γαίῃ
1309 3492 1439 3567 Βιθυνίδι)
1461 3502 1568 3564 Phinei,
1582 3512 1609 3554 et
1631 3518 1690 3571 quw
1701 3502 1820 3555 Phineus

325 3642 331 3656 1
410 3640 416 3655 ν
483 3570 513 3619 Οἵ
523 3570 548 3618 δὲ
559 3570 641 3657 λίθνθῖ
652 3570 814 3632 ῑῖῖωίέλωσαθ
1040 3582 1136 3637 dixerit
1150 3587 1308 3653 Argonautis
1322 3587 1333 3652 (
1341 3602 1373 3648 α,
1394 3586 1455 3655 3ι7,
1474 3586 1545 3657 345)
1565 3603 1571 3638 :

245 3692 246 3695 ,
276 3641 348 3699 ἀκτην
356 3640 486 3723 ίκκολποιο
497 3640 550 3701 μαλ’
560 3656 648 3703 ευρειαν
662 3640 779 3723 ἰσιδέσθαι
1131 3712 1137 3724 ¹
1281 3712 1288 3724 1
1532 3714 1537 3727 .

274 3726 432 3772 φρασσαμενοι
441 3746 449 3767 ,
458 3708 566 3771 κώπῃσιν
575 3709 617 3772 ἀμ’
626 3709 699 3771 ἠελίῳ
710 3710 846 3758 επικελσαν.
871 3780 873 3789 Ι
1101 3712 1679 3844 ἓὶἱριὲςαςμίινμτὲοὲεμιτδρῖιῗοᾶοάρὲονργὲηεξντῇἱςιξμᾷἲ

1514 3798 1702 3913 nius'sm'i',

1102 3919 1221 3981 σύνδρομα
1233 3920 1340 3983 πετράων
1350 3921 1462 3977 ἀσκηθέες
1473 3922 1547 3970 ἔνδοθι
1559 3922 1666 3982 Πόντου,

1101 3989 1187 4037 αὐτίκα
1202 3992 1302 4038 Βιθυνῶν
1314 3992 1352 4039 ἐπί
1365 3992 1428 4046 δεξιά
1440 3997 1510 4053 γαῖαν
1520 3992 1615 4052 lya-apt<
1690 3985 1692 3996 '

1102 4060 1192 4107 πλώετε
1201 4060 1313 4122 ῥηγμῖνας
1325 4061 1509 4122 πεφυλαγμένοι,
1524 4061 1615 4109 εἰσόκεν
1628 4059 1683 4108 αὖτε

1101 4130 1187 4187 Ῥήθαν
1199 4130 1304 4192 ὠκυρόην
1318 4131 1424 4192 ποταμόν
1436 4129 1553 4178 σκόπελόν
1559 4145 1588 4177 τε
1600 4127 1732 4185 ΚολώνηνΊ

1100 4199 1246 4261 γνάμψαντες
1257 4201 1330 4258 νήσου
1342 4200 1455 4258 θυνηίδος
1464 4200 1535 4262 θρμον
1545 4200 1636 4257 ίκησθε.

213 3832 249 3883 At
258 3830 345 3901 potius
358 3829 423 3881 mihi
438 3827 577 3897 legendum
600 3828 704 3881 videtur
717 3828 744 3879 in
756 3826 864 3896 Orpheo
882 3845 888 3879 :
899 3821 994 3879 ἐνθένδ’

214 3907 419 3987 ἀφορμηθέντες,
435 3934 467 3967 ex
486 3934 518 3969 co
534 3916 606 3987 quod
620 3927 683 3970 ante
698 3918 773 3985 (662)
788 3916 910 3986 Orpheus
925 3916 994 3969 dixit

215 4005 345 4056 transiisse
356 4000 390 4053 ad
404 4001 491 4055 locum
508 4022 514 4057 ε

274 4122 319 4171 ἀνθ’
330 4123 431 4185 Ἄμυκος
440 4123 580 4186 Βιθρθκισσι
590 4121 762 4184 ὑπερφιάλοισιν
774 4108 885 4181 ἀναάστν,

212 4226 258 4279 ubi
279 4226 372 4281 Pollux
396 4230 526 4298 Amycum
548 4224 654 4278 devicit.
673 4224 822 4278 Sedtamen
844 4227 991 4279 etiamnum

211 4330 244 4364 ex
261 4312 369 4383 Orpheo
386 4310 498 4364 dubium
511 4304 631 4375 videtur,
647 4320 736 4364 utrum
759 4310 800 4364 illa
814 4329 906 4380 magna
930 4313 994 4365 urbs
1034 4306 1079 4366 >En
1090 4314 1130 4367 his
1142 4326 1212 4385 patet
1223 4316 1309 4369 aulam
1323 4316 1414 4381 Phinei
1425 4315 1503 4368 luisse
1515 4317 1541 4367 in
1553 4319 1659 4385 Europa
1668 4315 1745 4385 juxta
1756 4317 1824 4370 Bos·

212 4396 331 4449 fueritin
344 4398 405 4451 Asia
418 4415 452 4450 an
466 4398 587 4467 Europa,
602 4397 716 4467 itemque
730 4396 834 4449 anaula
853 4400 945 4469 Amyci
967 4400 993 4449 in
1038 4417 1133 4470 porum
1159 4402 1271 4453 vicinam
1291 4403 1415 4472 Cyaneis,
1434 4400 1572 4471 aulamque
1588 4403 1680 4471 Amyci
1698 4400 1777 4453 luisse
1794 4403 1823 4454 in

211 4484 318 4555 Europa
330 4503 363 4537 an
374 4485 445 4549 Asia,
456 4502 489 4535 an
494 4482 569 4553 juxta
578 4484 804 4555 Bosporumanin
815 4483 987 4553 Propontide.
1038 4488 1162 4559 Bithynia
1188 4489 1319 4541 Asiatica:
1346 4486 1443 4540 sedan
1462 4486 1538 4557 juxta
1564 4487 1768 4559 Propontidem,
1787 4505 1824 4540 an

212 4690 250 4743 ita
267 4692 356 4743 animo
376 4708 431 4743 nem
456 4690 505 4743 sibi
526 4689 680 4743 informasse
695 4690 830 4760 probabile
852 4700 900 4743 est.
926 4692 936 4758 Ι)
957 4721 994 4731 -
1039 4692 1174 4745 oodieibus
1195 4695 1292 4746 nostris
1307 4694 1421 4763 legitur:
1440 4693 1517 4759 ἀκτήν
1535 4676 1562 4747 τε
1580 4671 1707 4748 Μέλαιναν
1728 4690 1824 4762 (hodie

214 4768 240 4821 ό.
249 4766 421 4839 Πλατείῃ1οίο
428 4768 543 4840 Gyllius;
556 4770 584 4821 in
594 4770 688 4823 nostris
697 4767 770 4821 libris
778 4768 862 4840 βαθείῃ
870 4768 992 4838 leghnnll
1040 4775 1113 4823 Knm
1131 4771 1279 4843 Boumun).
1293 4772 1391 4825 Colone
1408 4782 1496 4825 autem
1515 4783 1588 4843 petra
1607 4780 1768 4823 memoratur
1784 4771 1821 4823 ab

148 4849 151 4855 '
212 4876 248 4887 -
259 4850 285 4900 6.
299 4846 456 4918 Nymphis]
468 4848 561 4900 Obiter
573 4847 674 4917 Gyllius
685 4848 797 4918 inspexit
806 4845 887 4899 schol.
906 4845 993 4915 Apoll.
1039 4848 1125 4918 Apoll.
1138 4865 1165 4913 a,
1182 4850 1250 4914 6503
1270 4849 1315 4902 ubi
1337 4866 1344 4901 :

214 4925 266 4978 tth.
275 4942 302 4989 a,
316 4928 377 4994 786,
391 4924 436 4979 ubi
449 4936 587 4996 postquam
594 4925 722 4996 Nymphis
734 4923 767 4977 de
777 4924 825 4976 alia
835 4942 864 4975 re
875 4922 994 4975 laudatus

213 5012 279 5067 erat,
293 5013 415 5056 monetur
427 5003 596 5073 Apollonium
607 5003 740 5073 Μυγδόνος
752 5000 851 5070 (modo
861 5003 896 5053 ita
908 5000 994 5069 legen·

211 5080 277 5134 dum
290 5081 341 5151 sit)
357 5080 445 5133 dicere
457 5082 511 5142 τοδς
524 5083 643 5151 Βέόρυκας
661 5080 709 5134 ἀπό
721 5081 850 5151 Μυγδόνος
866 5080 991 5151 βασιλέως.

249 5176 274 5229 7.
289 5160 415 5213 Σκόπελόν
430 5180 455 5213 τε
469 5160 604 5231 Κολώνην]
618 5161 660 5213 Sin
673 5158 773 5230 Gyllius
787 5162 865 5213 etiarn
879 5160 924 5214 lib.
943 5160 993 5223 ΙΙΙ,

212 5254 236 5289 e.
255 5254 279 5303 ι,
295 5235 340 5290 ubi
352 5236 440 5291 denuo
454 5236 524 5289 illem
543 5236 673 5307 Apollonii
687 5237 759 5290 locus
773 5236 903 5297 laudatur.
923 5240 956 5289 m
967 5238 994 5288 in

1365 4971 1430 5033 Αίψα
1442 4972 1468 5020 δε
1477 4971 1542 5030 τοίγε

1085 5039 1172 5097 Ῥήάαν
1182 5038 1289 5100 ὠκυρόην
1298 5038 1403 5101 ποταμὸν
1416 5039 1534 5088 σκόπελόν
1548 5055 1573 5087 τε
1586 5039 1696 5096 Κολώνης

1086 5110 1171 5173 Ἀκρην
1183 5111 1203 5159 δ’
1212 5110 1241 5159 οὐ
1250 5109 1308 5172 μετὰ
1320 5112 1378 5167 δηθὰ
1388 5110 1550 5174 παρεξενέοντο
1562 5110 1687 5158 λίελαιναν.

1039 5238 1137 5288 Iterum
1152 5233 1263 5287 Colones
1275 5233 1374 5285 mentio
1386 5231 1417 5287 fit
1431 5248 1457 5296 α,
1471 5234 1532 5301 789.
