3884 5925
582 690 745 796 nuri
790 691 998 796 rusrr
1042 687 1295 854 nuum

630 921 888 992 'DESCRIPTIO
914 921 1037 992 ORBiS
1060 919 1226 990 TEiiiiAE.

860 1139 1011 1151 ...ο-

133 1341 198 1405 Qua
209 1345 328 1408 metente
338 1333 426 1406 jacent
437 1343 516 1387 vaste
529 1331 642 1387 divortia
658 1343 734 1386 terre
743 1371 751 1396 ,

133 1433 162 1474 et
177 1440 229 1492 qna
241 1421 368 1492 praecipiti
382 1419 523 1472 volvuntur
535 1435 620 1490 prona
633 1430 721 1472 meatu

136 1507 247 1560 iiumina
258 1520 307 1578 per
319 1517 415 1567 terras,
429 1523 482 1575 qna
491 1506 584 1575 priscis
597 1504 691 1574 inclyta
703 1502 788 1556 muris

135 1591 236 1662 oppida
244 1593 374 1654 nituntur,
380 1607 462 1659 geum
469 1589 520 1641 boc
528 1589 874 1660 pmcuiomneanimantum

99 1680 118 1728 ὅ
136 1696 189 1748 qua
204 1677 284 1739 coiit,
301 1678 392 1730 nonita
406 1685 496 1746 perget
509 1675 581 1728 stilus
596 1675 706 1745 impiger
715 1675 791 1727 orsis.

135 1764 226 1817 Ardua
236 1778 289 1828 rus,
302 1765 392 1816 hinne.
409 1766 489 1826 Deus,
500 1779 533 1814 en
546 1760 612 1812 deus
623 1762 704 1812 intrat
717 1759 810 1830 Apollo

136 1859 258 1921 pectora,
270 1847 383 1901 iatidicu
396 1849 516 1918 mutiens
528 1847 668 1916 penetralia
681 1845 789 1898 Cirrbse.

170 1935 288 1990 Pierides
300 1975 306 1998 ,
323 1943 381 1988 toto
390 1935 485 1987 oeioees
492 1933 617 1986 iieiieone
627 1935 731 2001 venite,

135 2025 259 2076 concinat
274 2033 302 2091 et
315 2021 416 2075 Pboebo
429 2031 514 2074 restet·
524 2021 636 2084 chorus;
647 2035 827 2087 oceanumque

81 2113 119 2162 tu
135 2111 260 2163 carminis
267 2109 413 2180 auspicium
423 2107 539 2178 primum
547 2117 704 2170 memorate,
713 2107 843 2158 Camena.

134 2197 235 2248 Oceani
248 2209 309 2248 num
321 2205 390 2248 terra
401 2194 456 2246 saio
463 2195 631 2264 praecingitur
641 2194 728 2245 omnis
738 2230 745 2256 ,

136 2299 217 2353 parra
227 2291 258 2334 ut
271 2281 382 2334 ceruleo
396 2289 474 2351 caput
488 2279 564 2333 eiiert
575 2281 659 2333 insuia
673 2291 770 2351 pont03

84 2357 120 2440 ib)
137 2387 184 2422 nec
206 2381 293 2421 umen
313 2377 431 2420 menno
444 2375 512 2420 ierus
524 2378 563 2420 est
582 2369 647 2420 situs
661 2367 779 2437 undique
792 2367 818 2418 in
833 2365 913 2428 orbe,

134 2473 187 2524 qua
199 2455 297 2507 colitur
310 2452 428 2524 populis,
441 2469 493 2522 qua
507 2451 581 2506 telius
589 2463 663 2523 paret
671 2463 773 2516 aratro,

80 2545 117 2592 ts
133 2539 195 2602 sed,
209 2537 339 2591 matutino
351 2553 403 2606 qua
416 2538 511 2590 coeium
523 2538 577 2590 soie
588 2539 719 2602 rubescit,

136 2622 230 2688 latior3
241 2625 319 2676 amisi
333 2633 459 2676 muratus·
470 2625 574 2694 cespitis
590 2639 668 2689 arrc;

134 2716 228 2762 cetera
242 2719 389 2780 protentis.
404 2709 465 2762 Tria
484 2719 546 2762 sunt
555 2711 668 2763 confinia
683 2721 757 2763 terre

134 2796 400 2865 rrniustestprimum
415 2795 513 2866 Libye,
522 2797 687 2866 Europaeque
697 2797 825 2866 lisiaeque.

69 2873 116 2946 (Μ’)
137 2881 253 2951 riiquore
262 2882 296 2934 ab
305 2883 430 2952 iissperio
440 2897 491 2952 qna
500 2883 593 2936 seselis
604 2883 718 2935 insinuat
726 2883 773 2948 ris,

58 3016 62 3021 .
78 2970 116 3017 20
135 2979 320 3037 terrarumque
334 2970 404 3021 meis
417 2968 541 3032 illabitur,
556 2968 654 3021 arduus
668 2970 739 3023 Atlas

133 3074 186 3125 qua
201 3054 263 3125 juga
279 3054 347 3109 celsa
362 3065 460 3121 tumet,
477 3056 566 3126 Libyae
578 3057 752 3126 seseexpiicat
762 3074 824 3119 ora;

134 3142 194 3195 linis
204 3142 267 3195 huic
280 3142 382 3207 Gades,
399 3154 557 3214 septenaque
569 3146 671 3212 gurgite
685 3154 757 3197 vasto

133 3246 181 3280 ora
197 3226 290 3297 procui
299 3228 366 3291 Nili,
378 3229 534 3281 Pinariorum
548 3228 591 3281 hic
602 3230 676 3298 gleba
687 3228 826 3293 recumbit,

133 3319 161 3364 ei
171 3313 297 3365 Pelusiaci
309 3313 473 3366 celebrantur
482 3314 577 3385 templa
591 3315 701 3384 Canopi.

78 3412 116 3462 25
134 3398 302 3469 Europaeque
319 3396 415 3450 dehinc
429 3398 521 3451 ilerum
535 3409 574 3452 cst
587 3398 667 3463 latus,
680 3410 707 3452 at
722 3398 813 3469 procul
826 3398 915 3451 ambas

135 3502 188 3536 una
202 3484 279 3548 Asia,
293 3484 420 3537 inclinans
436 3484 546 3553 geminis
559 3502 586 3537 se
599 3485 739 3549 cornibus,
754 3494 827 3553 urget

133 3572 258 3643 desuper,
273 3588 304 3623 ac
316 3572 386 3641 rupti
401 3571 515 3625 divortia
529 3572 646 3625 continet
659 3570 740 3623 orbis.

133 3659 268 3729 Europam
278 3667 356 3727 atque
370 3661 458 3711 Asiam
471 3660 567 3712 Tanais
578 3658 742 3713 disterminat
750 3660 834 3711 amab

67 3736 114 3809 (rs)
133 3740 186 3796 iiic
197 3758 226 3793 se
238 3742 387 3796 Sarmaticis
400 3743 521 3797 evolvens
532 3743 629 3797 linibus
644 3755 716 3807 arte,

77 3834 116 3883 80
132 3826 230 3879 seusus
243 3830 347 3882 Arsace
358 3829 432 3897 prius
449 3846 569 3898 equore,
576 3829 632 3899 jam
643 3848 706 3883 suus
715 3828 785 3881 unda

132 3910 220 3965 eiiitut
232 3914 259 3965 in
270 3914 419 3987 Scythiam
434 3916 527 3986 procui
537 3916 599 3969 hinc
608 3916 729 3971 Maeotida
739 3915 844 3987 Tethyn

133 4001 218 4053 intrat
227 4040 236 4068 ,
245 4011 273 4054 et
282 4004 380 4055 inserto
396 4002 461 4057 ireta
474 4004 546 4074 pellit
559 4014 629 4057 rasta
641 4004 755 4069 iiuento,

131 4088 304 4158 Ismaricique
315 4090 380 4158 riget
391 4108 494 4163 semper
503 4092 590 4143 ilabris
602 4091 748 4161 Aquilonis.

134 4178 169 4226 At
183 4192 236 4244 qua
249 4176 343 4245 piscosi
355 4194 447 4245 gurges
459 4179 550 4248 strepit
563 4178 740 4250 Hellesponti,

78 4272 116 4324 25
134 4262 174 4313 vis
187 4262 294 4333 obliqua
308 4263 354 4315 sali
367 4264 485 4335 tepidum
500 4266 651 4337 procumbit
663 4268 690 4319 in
703 4278 836 4332 austrum,

133 4356 321 4420 terrarumque
336 4350 416 4403 trium
429 4352 523 4405 modus
540 4364 579 4407 est
592 4371 678 4421 mare,
696 4354 781 4409 donec
795 4356 823 4407 in
837 4354 881 4407 alti

134 4454 182 4496 cra
195 4438 288 4509 procul
301 4438 353 4490 Nili
366 4437 417 4491 iate
427 4440 519 4493 Thetis
532 4440 611 4495 eiilua
624 4452 722 4512 serpat.

136 4526 226 4580 Altae
238 4542 299 4595 pers
309 4525 402 4579 orbem
416 4526 514 4580 telluris
525 4528 607 4581 limite
620 4529 706 4583 findit.

72 4610 119 4688 [ml
137 4613 232 4682 saepes
245 4622 317 4681 targa
326 4610 417 4681 jacens
430 4615 498 4667 Asiae
508 4614 624 4668 succedit
633 4617 659 4667 in
670 4634 743 4681 oras,

81 4710 122 4761 40
138 4700 334 4769 immensusque
345 4698 418 4753 modi
430 4701 598 4771 protenditur
617 4719 623 4755 :
639 4704 682 4756 hic
694 4704 761 4757 latus
777 4712 864 4759 aruns

137 4786 231 4857 Cuspis
244 4789 373 4857 contingit
382 4787 448 4842 ireta
462 4789 584 4861 desuper,
597 4802 675 4861 atque
687 4793 799 4849 tumenti

135 4876 273 4945 proximus
282 4876 388 4928 Euxino
399 4888 447 4929 est.
466 4878 554 4931 Asiam
568 4880 746 4931 conterminus
765 4881 812 4933 iste

136 4964 324 5032 Europamque
334 4972 412 5018 secat.
432 4964 520 5017 Tellus
533 4984 588 5019 sese
601 4967 680 5019 altera
690 4969 717 5019 in
729 4978 847 5019 austrum

137 5050 264 5119 porrigit,
278 5049 428 5119 insertoque
442 5052 516 5104 sinus
530 5052 664 5122 interjacet
675 5071 758 5123 agro:

137 5152 198 5189 nam
212 5137 286 5189 sinus
300 5136 343 5189 hic
355 5138 487 5202 Arabum,
499 5140 766 5211 sinushicAEgyptius
778 5140 849 5195 unda

166 5338 278 5382 versum
288 5334 378 5381 numeri
388 5336 468 5383 inclusi
477 5335 604 5421 reliqueris
613 5337 716 5393 umenti
724 5341 832 5395 spectant

235 5418 323 5462 uscos.
338 5424 362 5460 n.

959 1341 1052 1384 aestuat
1067 1349 1073 1385 :
1089 1341 1117 1384 et
1127 1328 1234 1402 Libycis
1252 1333 1339 1386 tisiam
1352 1331 1476 1388 discernit
1487 1334 1521 1388 ab
1532 1335 1596 1389 oris.

995 1419 1036 1470 Sic
1049 1417 1152 1471 diversa
1167 1419 1217 1472 luit
1228 1422 1371 1485 sententia,
1385 1423 1435 1474 rite
1451 1424 1510 1492 quis
1523 1423 1581 1475 orbi

958 1505 1032 1558 limes
1041 1505 1190 1559 haberetur.
1207 1508 1305 1560 Totum
1316 1507 1367 1560 hoc
1380 1509 1557 1564 circumlatrat
1571 1521 1648 1564 aestus

959 1605 985 1646 et
998 1594 1076 1646 maris
1091 1591 1177 1646 iniusti
1194 1593 1275 1647 moles
1287 1595 1359 1664 ligat.
1370 1597 1430 1648 Una
1445 1595 1543 1650 iurenti

960 1691 1053 1734 natura
1061 1691 1100 1733 est
1109 1680 1216 1750 pelago,
1230 1681 1312 1751 peQi
1326 1681 1371 1734 sed
1384 1685 1490 1735 nomina
1506 1685 1595 1754 mille,
1646 1674 1651 1686 ’

959 1785 1050 1838 equor
1061 1779 1092 1819 ut
1108 1770 1253 1820 innumeris
1267 1779 1396 1822 terrarum
1408 1771 1555 1824 admoverit
1568 1774 1622 1825 oris

959 1859 1019 1922 Qua
1031 1873 1060 1907 se
1073 1855 1167 1908 blanda
1185 1857 1246 1909 satis
1260 1857 1402 1910 intendunt
1416 1858 1498 1911 flabra
1509 1859 1614 1924 faroni,

895 1947 899 1958 ⁴
959 1942 1114 2012 Hesperium
1125 1933 1309 1996 occano'mare
1320 1954 1404 1996 terras
1420 1946 1499 1998 intrat
1511 1946 1544 1998 ab
1555 1945 1617 1999 aito.

959 2033 1016 2082 Aac
1030 2032 1167 2100 Lycaonia
1180 2048 1284 2082 rursum
1296 2030 1359 2084 iacis
1372 2042 1451 2102 atque
1466 2033 1511 2085 ubi
1521 2033 1589 2086 dura

959 2116 1150 2185 belligeratores
1163 2116 1248 2168 nutrit
1258 2117 1332 2170 telius
1346 2120 1513 2190 Arimaspus,

959 2205 1066 2256 nomine
1079 2203 1183 2258 Saturni
1195 2203 1245 2256 iate
1254 2203 1324 2273 jacet
1336 2207 1449 2274 :equoris
1462 2204 1543 2259 unda.

958 2290 1008 2340 Hic
1026 2287 1133 2342 densata
1145 2289 1190 2341 saii
1203 2299 1273 2340 stant
1284 2308 1431 2360 marmora,
1443 2292 1570 2362 pigraque
1580 2293 1654 2362 ponti

958 2393 987 2427 se
999 2385 1092 2427 ustura
1106 2382 1191 2437 tenet,
1211 2392 1349 2444 nunquam
1365 2377 1419 2427 ruit
1432 2375 1528 2428 eissuus
1541 2378 1642 2432 humor
1656 2397 1664 2432 t

959 2469 1079 2511 mortuus
1091 2457 1135 2510 hic
1146 2459 1227 2511 Graio
1241 2460 1394 2529 perhibetur
1402 2477 1495 2528 gurges
1507 2461 1534 2514 in
1548 2480 1614 2526 usu,

958 2545 1073 2613 denique
1086 2544 1158 2614 quod
1171 2543 1242 2596 leuto
1255 2552 1357 2616 stupeat
1368 2545 1442 2624 piagq
1453 2546 1518 2598 suisa
1534 2545 1684 2617 profundo,

959 2631 999 2683 vel
1011 2629 1084 2700 quod
1095 2630 1149 2682 sole
1160 2648 1251 2685 mrens
1267 2647 1326 2700 pers
1338 2629 1410 2683 orbis
1422 2641 1488 2684 tetra
1501 2633 1620 2700 rigescat.

958 2720 1011 2770 Vix
1025 2717 1104 2770 hebes
1116 2717 1163 2770 has
1174 2735 1234 2770 oras
1248 2716 1327 2770 ardor
1338 2717 1459 2769 ‘iitsnius
1472 2717 1569 2782 adilat,
1665 2724 1667 2727 ’

959 2804 1002 2855 vix
1015 2813 1104 2856 evecta
1116 2802 1173 2853 dies
1188 2801 1331 2864 illuminat,
1346 2820 1478 2872 omneque
1494 2803 1544 2856 iate

958 2889 1054 2958 pingue
1069 2885 1207 2940 tenebrosa
1220 2887 1314 2938 caeium
1331 2887 1577 2941 subtexituruthru.

959 2980 993 3028 rit
1007 2992 1059 3044 qua
1069 2974 1154 3044 prima
1165 2972 1221 3025 dies
1233 2971 1312 3024 rutilo
1322 2972 1467 3025 sustollitur
1482 2983 1542 3024 ortu
1555 3011 1562 3036 ,

957 3078 1053 3115 aureus
1063 3072 1090 3112 et
1106 3060 1229 3112 tremulas
1240 3060 1291 3111 late
1302 3060 1385 3111 rubor
1398 3060 1482 3111 inlicit
1495 3060 1596 3127 undas,

959 3148 1045 3197 Εοιιιιι
1053 3142 1177 3215 pelagos,
1188 3142 1255 3200 freta
1270 3142 1364 3194 dicunt
1376 3142 1468 3195 indica
1483 3144 1568 3214 ponti.

958 3234 1069 3301 Propter
1079 3228 1209 3299 Erythraei
1222 3227 1370 3280 tenduntur
1382 3226 1462 3280 dorsa
1475 3227 1618 3300 profundi,

960 3317 1163 3387 AEtbiopumquc
1179 3315 1262 3367 salum
1283 3314 1454 3371 diffunditur.
1473 3316 1522 3369 Hic
1538 3327 1617 3370 notus
1630 3314 1738 3372 sethrum

958 3407 1026 3470 urit,
1040 3403 1123 3455 ethic
1133 3412 1198 3454 :estu
1210 3402 1345 3455 mdiorum
1358 3402 1470 3455 i‘hoebus
1484 3403 1579 3458 arrlrelo

957 3510 1019 3543 arm
1035 3491 1142 3559 coquit;
1156 3488 1251 3543 sterilis
1269 3491 1342 3557 regio
1356 3500 1410 3554 est,
1428 3501 1456 3543 et
1468 3490 1600 3562 inhospita
1617 3490 1669 3545 late

957 3588 1015 3631 aret
1029 3578 1145 3642 humus,
1159 3594 1291 3646 cassasque
1306 3577 1362 3629 solo
1373 3588 1508 3631 torrentur
1525 3597 1620 3633 arenae.

958 3669 1079 3719 Oceanus
1093 3666 1131 3717 sic
1139 3674 1234 3717 concta
1246 3682 1311 3733 rago
1323 3665 1506 3734 complectitur
1523 3677 1603 3732 este,

958 3752 1078 3822 undique
1087 3754 1126 3805 sie
1137 3768 1205 3804 unus
1216 3761 1299 3803 terras
1309 3753 1466 3805 interminus
1481 3752 1578 3818 ambit,

959 3842 1164 3909 innumerosque
1175 3840 1249 3890 sinus
1259 3849 1333 3891 nvn
1346 3838 1512 3891 illabentibus
1526 3824 1612 3891 unurs'
1752 3858 1789 3909 75

959 3928 1081 3997 desuper.
1094 3929 1117 3978 E
1130 3926 1219 3979 multis
1232 3925 1326 3977 celebri
1340 3926 1390 3977 sub
1407 3928 1515 3979 nomine
1529 3936 1631 3979 tantum

958 4024 1084 4084 quattuor
1100 4011 1187 4065 iniuso
1199 4010 1250 4065 iate
1264 4012 1315 4064 sale
1329 4023 1400 4081 terga
1411 4011 1559 4069 dehiscunt.
1591 4076 1594 4081 Ι

958 4100 1063 4153 Primus
1075 4100 1102 4152 in
1118 4098 1182 4151 orbe
1194 4100 1267 4150 sinus
1280 4099 1345 4149 vasti
1360 4099 1439 4150 maris
1452 4115 1557 4168 equora
1570 4099 1665 4167 giguit,
1753 4102 1799 4183 (ts)

959 4188 1068 4257 gurgitis
1082 4187 1211 4256 Hesperii.
1226 4186 1321 4239 Procul
1338 4187 1381 4238 hic
1400 4197 1537 4255 protentus
1554 4188 1581 4237 in
1591 4204 1650 4239 oras

959 4274 1079 4329 truscos
1091 4291 1107 4325 a
1118 4274 1322 4343 Libycisustum
1339 4273 1435 4335 tmhit,
1449 4284 1527 4341 atque
1544 4273 1588 4326 ubi
1600 4272 1684 4325 iaetam
1752 4282 1789 4331 80

959 4360 1057 4431 cespite
1071 4358 1123 4411 sub
1130 4360 1221 4429 pingui
1231 4358 1324 4429 pandit
1337 4358 1489 4429 Pamphylia
1501 4357 1613 4426 glebam,

959 4444 1049 4501 delicit
1061 4454 1089 4497 et
1097 4460 1177 4497 curra
1189 4445 1310 4497 sinuatm·
1319 4443 1405 4495 litoris
1416 4460 1472 4495 ora.

961 4531 1034 4585 Alter
1044 4533 1108 4583 item
1117 4540 1159 4583 est
1169 4532 1256 4601 primo
1267 4530 1373 4581 brevior
1388 4526 1523 4599 majorque
1532 4527 1646 4581 duobus.

960 4621 1011 4672 iiic
1022 4619 1172 4689 prolqrsus,
1182 4635 1263 4688 aquas
1278 4617 1376 4670 boreali
1391 4616 1464 4671 lusus
1477 4616 1511 4668 ab
1527 4616 1594 4681 aito,

959 4719 1031 4777 terga
1043 4707 1187 4777 procelloso
1197 4707 1321 4775 turgescit
1334 4706 1427 4777 Caspia
1438 4701 1520 4756 ssuctu
1535 4722 1542 4758 z
1752 4708 1788 4758 85

960 4796 1111 4867 Hyrcanum
1121 4792 1172 4847 hoc
1179 4794 1283 4863 pelagus
1292 4810 1351 4863 pnrs
1358 4792 1486 4845 nominat.
1494 4790 1563 4843 ltine
1570 4787 1624 4841 duo
1634 4807 1736 4841 rursum
1754 4789 1799 4863 (no)

1750 3418 1791 3469 ’10

1753 3573 1800 3668 (n)

936 4892 942 4901 '
960 4900 1007 4933 ora
1022 4889 1111 4951 patent
1122 4880 1197 4949 ponti
1206 4900 1213 4942 ς
1223 4879 1343 4947 geminus
1356 4880 1428 4929 sinus
1443 4877 1555 4947 aequoris
1572 4877 1667 4939 intrat,
1724 4884 1732 4901 ·

961 4972 1131 5039 telluremque
1143 4980 1233 5032 cavat,
1250 4986 1303 5039 qua
1316 4987 1344 5021 se
1358 4979 1437 5020 notus
1450 4985 1498 5020 axe
1517 4967 1615 5035 tepenti

961 5059 1047 5127 erigit.
1062 5059 1165 5109 Horum
1178 5074 1247 5108 unus
1261 5055 1328 5109 rada
1337 5056 1413 5125 longe
1426 5054 1530 5107 Persica
1545 5052 1649 5119 sundit,

961 5146 1055 5215 Caspia
1071 5162 1213 5197 conversus
1228 5144 1320 5215 procui
1337 5144 1365 5195 in
1381 5142 1461 5207 ireta;
1474 5142 1669 5213 porrigiturque
1752 5150 1804 5201 90ae
1850 5204 1852 5209 y

962 5243 1072 5303 quartus
1089 5232 1172 5285 Arabs
1190 5240 1293 5285 :tumet
1308 5230 1351 5283 hic
1362 5229 1455 5300 rapido
1464 5246 1511 5299 per
1524 5238 1613 5299 aperta
1627 5228 1736 5289 liuento,

962 5321 1147 5389 Euxinumque
1164 5319 1247 5373 salum
1260 5316 1331 5372 ridet
1347 5317 1458 5373 eminus.
1472 5314 1511 5367 En
1523 5314 1570 5367 tibi
1580 5332 1685 5367 rursum
1755 5308 1804 5389 (gs)

962 5415 1001 5458 i'ii
1300 5432 1304 5437 ·
1633 5411 1659 5451 ii
