3884 5925
883 428 1225 495 CHRESTOMATHIAE

408 570 860 653 ΧΡΗΣΤΟΜΑΘΕῙΑῙ
1220 600 1696 696 CHRESTOMATHIAE

288 768 340 827 ss
360 770 440 829 ron
460 770 693 831 armroror
714 770 982 832 rrormorrou
1140 784 1163 842 a
1184 785 1396 847 sraiuorus
1417 788 1780 854 onoomrurcoauu

550 951 673 1000 ornator
688 935 723 1003 τ’.
1383 954 1531 1003 uuaorr.

290 1106 310 1145 t.
330 1084 395 1146 Ὅτι
409 1086 461 1165 πρὸ
473 1092 517 1145 τοῦ
538 1089 748 1148 Ποσειδωνιοίτου
769 1089 865 1149 κολπου
884 1090 1022 1150 Λεοκωσία
1105 1120 1129 1157 1.
1150 1106 1221 1159 Ante
1235 1107 1322 1158 sinum
1342 1106 1536 1161 Posidoniatem
1557 1110 1730 1165 leucos-‚iacet
1749 1111 1859 1173 insula,

246 1176 323 1247 νῆσός
336 1179 422 1249 idm,
432 1175 566 1251 ἐπώνυμος
579 1186 639 1251 tufi<
651 1181 701 1235 τῶν
713 1178 862 1256 Σειρήνων,
873 1178 915 1235 ότε
930 1180 1023 1244 ἑαυτθς
1067 1208 1163 1243 nomen
1183 1192 1216 1243 ah
1231 1210 1283 1244 una
1297 1211 1312 1245 e
1332 1192 1467 1247 sirenibus
1489 1195 1597 1260 sortita,
1614 1214 1667 1268 quo
1682 1208 1805 1269 temporo
1819 1198 1859 1249 oh

247 1264 448 1321 κατεπόντωσαν
459 1262 500 1320 διθι
511 1263 554 1321 τόν
569 1262 712 1322 Ὀδυσσέα.
1066 1278 1184 1347 Ulyssem
1198 1280 1223 1330 in
1234 1278 1395 1348 profundum
1407 1298 1462 1332 sese
1474 1280 1633 1350 abjecerunt.

284 1370 306 1407 τ.
326 1348 390 1410 Ὅτι
407 1350 474 1426 μετὰ
485 1349 528 1408 τὸν
543 1350 754 1422 Πυσειθωνισίτην
765 1350 861 1410 κόλπον
876 1351 939 1429 πρὸς
949 1351 1022 1409 νότον
1102 1381 1128 1418 a.
1148 1368 1211 1417 Post
1230 1366 1317 1418 sinum
1332 1366 1526 1421 Posidoniatem
1546 1386 1635 1421 versus
1649 1380 1769 1423 austrum
1785 1371 1856 1422 atius

244 1436 329 1515 ἕτερός
350 1441 405 1495 3⁶³²
431 1438 542 1507 κόλπος,
569 1437 630 1495 ἔνθα
663 1439 738 1502 πῶιῑθ
761 1438 898 1496 Φωκαέων
923 1439 1021 1512 κτίσμα
1066 1465 1138 1516 sinus
1159 1475 1214 1530 est,
1230 1466 1275 1519 ubi
1292 1466 1354 1518 urhs
1376 1468 1423 1521 Eia
1439 1470 1528 1534 (nunc
1551 1468 1613 1521 Elea
1635 1468 1754 1539 dicitur)
1778 1483 1852 1525 esta

243 1520 312 1593 Ἔλη
326 1526 365 1599 (οἱ
378 1523 404 1580 δὲ
417 1529 461 1581 νῦν
475 1523 571 1583 Ἰἰλίαν
586 1523 666 1594 αὐτὴν
683 1527 828 1600 καλοῦσι),
840 1524 934 1603 πατρίς
954 1518 1019 1585 οῦσα

245 1610 412 1689 Παρμενίδου
424 1611 469 1669 καί
485 1611 621 1683 Ζήνωνος,
636 1615 686 1669 τῶν
701 1611 896 1690 Πυθαγορείων.
938 1615 1021 1673 Εὐνο-

242 1700 317 1771 μεῑτο
329 1696 351 1753 θ’
370 1702 386 1767 ἠ
402 1697 492 1771 πόλις,
506 1696 552 1754 καί
576 1698 618 1754 διὰ
639 1698 686 1769 τὴν
707 1703 753 1768 τῆς
767 1699 855 1776 χώρας
868 1700 1020 1777 λυπρότητα

242 1783 464 1863 ἔθαλαττοόργουν
485 1782 531 1842 καί
565 1784 662 1863 ταρίχη
688 1783 876 1852 κατεσκεύαζον
912 1788 957 1844 καὶ
987 1785 1019 1843 τὰ
1064 1785 1124 1819 rum
1135 1768 1169 1820 oh
1179 1768 1226 1821 soli
1241 1768 1399 1822 sterilitatem
1413 1770 1504 1823 incolae
1515 1788 1588 1823 mare
1596 1774 1753 1826 exercebant
1765 1774 1847 1827 etai-

1067 1565 1263 1619 Phocaeensibus
1275 1566 1395 1633 condita,
1408 1571 1492 1639 patria
1505 1570 1668 1623 Parmenidis
1686 1582 1713 1623 et
1732 1574 1851 1625 Zenonis

1066 1668 1299 1739 Pythagoreorum.
1338 1671 1402 1722 Erat
1417 1670 1495 1723 honis
1514 1671 1615 1740 legibus
1629 1674 1765 1740 instituta;
1782 1687 1848 1728 octo·

241 1876 361 1930 τοιαῦτα.
1006 1910 1009 1915 .
1064 1868 1187 1919 sumentis
1200 1868 1307 1939 aliisque
1320 1868 1348 1921 id
1361 1886 1443 1938 genus
1456 1870 1534 1922 rebus
1549 1888 1654 1941 operam
1668 1872 1811 1926 navabant.

281 1977 303 2015 ι.
324 1954 389 2016 Ὅτι
402 1958 417 2013 δ
435 1955 522 2026 παίσας
535 1955 680 2022 Λευκανίας
695 1957 847 2035 παράπλους
860 1958 952 2017 στάδια
965 1958 1017 2039 χν’.
1101 1972 1127 2025 3.
1147 1974 1240 2026 Totius
1255 1975 1377 2026 Lucania
1391 1975 1617 2045 praternavigatto
1639 1975 1789 2027 stadiorum
1810 1986 1848 2028 cst

242 2043 296 2104 Καί
307 2044 371 2121 πρὸς
380 2045 417 2121 τῷ
429 2042 523 2119 πὲραῖῑ
534 2047 582 2114 τῆς
595 2043 738 2109 Λευκανίας
751 2048 836 2122 ἡρῷον
846 2051 891 2103 τοῦ
902 2047 1019 2125 Δροίκον·
1065 2059 1131 2123 θ5ος
1146 2060 1218 2113 etad
1232 2061 1354 2114 Lucaniae
1366 2062 1508 2115 terminum
1519 2062 1646 2115 Draconis
1657 2064 1782 2116 sacellum
1796 2074 1843 2127 cst,

239 2155 300 2203 τας,
316 2129 780 2209 ἕνθετῶνὈδυῦσὲα)εἕταίρων“ἷφ’
799 2124 828 2191 οὗ
845 2133 922 2191 mih
946 2159 1017 2214 χρη·
1065 2146 1581 2218 quiecomitibusUlyssisexstitit,de
1598 2166 1652 2220 quo
1669 2148 1735 2201 illud
1750 2168 1846 2202 oracu-

241 2216 307 2292 σμὸς
327 2216 469 2291 ἐγένετοτ
492 2216 575 2273 Λάϊον
598 2214 666 2294 ἀμφί
689 2216 826 2294 Δράκοντα
854 2219 935 2277 πολύν
954 2243 1017 2279 ποτε
1063 2230 1317 2302 iumestvuigatum
1336 2252 1371 2287 :a
1397 2236 1456 2301 Qua
1469 2237 1555 2288 Draco
1570 2236 1647 2289 Laius
1660 2247 1714 2297 est,
1730 2238 1845 2290 muttum

240 2301 301 2359 λαὸν
316 2304 440 2361 όλτῖσθαι.
453 2328 465 2352 ι
487 2300 549 2360 Ἐπί
563 2300 613 2378 γὰρ
625 2300 721 2374 ταύτην
737 2304 796 2360 λαοί
813 2304 1018 2383 στρατεύσαντες
1061 2318 1188 2387 populum
1201 2318 1311 2389 (Ioum)
1326 2320 1482 2390 periturum.
1497 2345 1508 2366 ι
1547 2320 1679 2374 Adversus
1690 2322 1759 2375 hanc
1770 2324 1846 2376 enim

238 2388 341 2445 vixerit
358 2386 407 2458 τὴν
421 2387 539 2447 Ἰταλίαν
554 2386 685 2460 Ἕλληνες
697 2391 747 2449 ὑπὸ
759 2393 900 2449 Λευκανῶν
914 2392 1017 2473 ἠτόχη·
1062 2404 1146 2455 Graeci
1159 2404 1203 2473 qui
1217 2406 1243 2455 in
1256 2403 1329 2456 Italia
1340 2414 1415 2457 crant
1426 2406 1517 2475 populi
1527 2405 1611 2474 (lai),
1623 2406 1702 2460 ducto
1711 2408 1845 2473 exercitu,

189 2548 192 2553 Ι
239 2494 301 2544 σαν,
318 2472 522 2542 ἐξαπατηθέντες
535 2478 573 2553 τῷ
584 2479 709 2552 χρησμῷ.
1060 2504 1075 2539 a
1092 2489 1203 2539 Lucanis
1216 2488 1316 2540 cladem
1327 2500 1498 2559 acceperunt,
1511 2490 1561 2542 hoo
1574 2490 1680 2544 oraculo
1691 2491 1806 2562 decepti.

276 2578 297 2619 t.
326 2558 391 2619 Ὅτι
413 2560 544 2635 Πετιλία,
566 2566 654 2632 ἡτῶν
680 2566 821 2622 Λευκανῶν
841 2564 1015 2645 μητρόπολις,
1097 2577 1123 2635 4,
1144 2574 1235 2626 Petilia
1255 2577 1424 2627 Lucanorum
1447 2576 1510 2628 urbs
1529 2578 1847 2647 primariaaPhitoctete

237 2647 405 2718 Φιλοκτήτου
418 2648 474 2703 ἐστί
485 2649 599 2724 κτίσμα,
615 2649 684 2708 κατὰ
698 2650 789 2709 στάσιν
805 2652 957 2718 ἐκπεσόντος
970 2657 1016 2724 τῆς
1060 2658 1165 2710 condita
1183 2670 1237 2722 est,
1254 2677 1309 2730 quo
1324 2670 1442 2731 tempore
1455 2679 1502 2732 per
1519 2662 1700 2716 seditioneme
1716 2666 1845 2719 Mettum

235 2730 393 2837 Λίτλιόοίας’
412 2732 478 2805 αῦτη
492 2756 520 2791 τε
535 2734 579 2792 καί
594 2739 611 2805 ἦ
628 2734 838 2817 Κρίμισσαπερὶ
852 2737 1016 2806 τοθςαθτοθς
1059 2743 1184 2815 profugit.
1222 2747 1253 2797 In
1263 2744 1467 2817 eademrugione
1478 2748 1601 2801 Crimissa
1613 2766 1718 2821 quoque
1731 2754 1780 2803 sita
1791 2764 1842 2809 ατε,

235 2841 338 2885 τόπους.
1231 2898 1234 2905 ¹

274 2929 297 2970 ο.
319 2906 385 2968 Ὅτι
396 2907 449 2966 ἀπὸ
458 2907 642 2989 Λευκοπέτρας
652 2914 699 2982 τῆς
711 2914 737 2970 ἐν
752 2914 789 2991 τῷ
801 2914 911 2990 πορθμῷ
922 2916 956 2979 ὡς
971 2912 1014 2974 ἐπί
1096 2924 1122 2980 5.
1143 2928 1165 2979 Λ
1187 2926 1369 2996 Leucopetra,
1384 2942 1442 2996 quae
1459 2924 1535 2998 juxta
1560 2922 1655 2978 fretum
1674 2936 1726 2990 est,
1749 2944 1842 2983 versus

235 2999 331 3075 βορρᾶν
347 2995 497 3072 θπαθαλῖα
512 2996 573 3073 περὶ
587 2998 662 3072 phin
678 2998 701 3055 θ’
720 2999 770 3056 ὑπὸ
789 2999 918 3074 Βρῑτῖῖων
935 3003 1015 3060 Οἷκῑῖ·
1058 3013 1165 3067 boream
1180 3030 1226 3065 ora
1240 3013 1371 3066 maritima
1389 3030 1435 3083 per
1449 3029 1501 3066 ano
1515 3012 1625 3066 miliaria
1641 3031 1656 3066 a
1670 3016 1778 3068 Bruttiis
1801 3019 1842 3068 in·

234 3103 291 3136 ται·
308 3078 365 3148 ἥτις
376 3081 500 3160 πρότερον
516 3083 564 3156 μὲν
576 3082 708 3161 Οἰνωτρία
723 3083 972 3163 ἐκαλεῖτο,ὕστερον
987 3086 1013 3144 δὲ
1058 3101 1163 3154 colitur.
1202 3101 1266 3151 Haec
1279 3097 1842 3172 primumvocahaturOEuutria,posuno-

235 3167 338 3226 Ἰταλία
353 3165 436 3231 ίθίως·
478 3164 572 3246 Ὅρων
587 3168 610 3224 δ’
629 3170 783 3248 nostrapte
798 3169 894 3248 μίντῷ
906 3174 1013 3250 Τυρρη·
1057 3186 1122 3239 dum
1144 3184 1219 3238 Italia
1243 3186 1350 3256 proprie
1371 3185 1449 3254 coepit
1481 3183 1615 3254 appellari.
1654 3187 1761 3238 Limites
1780 3187 1841 3256 ejus

234 3258 297 3333 νικῷ
307 3251 417 3330 πελθγῑῑ
433 3257 447 3310 ὅ
461 3257 546 3322 Mitt<
560 3257 691 3333 παῐαμότ,
707 3258 772 3335 πρὸς
787 3257 862 3337 δίτῷ
881 3261 1013 3342 Σικελικῷ
1057 3283 1152 3325 sunta
1176 3271 1243 3324 mari
1266 3273 1377 3324 Etrusco
1392 3271 1461 3324 Laus
1477 3271 1590 3336 fluvius,
1611 3289 1626 3324 a
1646 3272 1732 3324 Siculo
1755 3276 1841 3326 Meta-

233 3350 263 3407 τὸ
279 3349 470 3410 Μεταπόντιον.
1056 3362 1186 3433 pontium.
1341 3361 1345 3374 '

272 3458 295 3497 ο.
318 3435 382 3496 Ὅτι
402 3441 416 3494 θ
437 3437 484 3513 μὲν
498 3437 675 3509 Ἱππωνιοίτης
697 3438 790 3504 κολπος
805 3441 830 3496 ἐν
845 3442 883 3520 τῷ
902 3444 1013 3521 tutto-
1093 3451 1118 3498 θ.
1139 3446 1218 3499 δίαινε
1232 3445 1404 3516 Hippooiates
1415 3444 1442 3496 in
1456 3442 1521 3496 utari
1533 3443 1672 3514 Tyrrheno
1683 3454 1708 3496 et
1722 3445 1839 3515 Scylleti-

232 3527 296 3600 νικῷ
310 3522 435 3600 ''MP‘’
450 3526 464 3580 ὁ
484 3525 511 3582 δί
531 3525 709 3596 Σκυλλγιτικὸς
724 3528 818 3591 κοίλῃς
831 3528 857 3583 ἐν
877 3531 914 3605 τῷ
927 3531 1010 3588 Σίκε·
1055 3567 1101 3602 cus
1122 3550 1195 3612 sinus
1212 3549 1241 3600 in
1263 3548 1348 3600 Siculo
1365 3549 1435 3598 intra
1444 3543 1482 3598 'se
1497 3545 1622 3598 isthmum
1641 3545 1838 3616 amplectuntur

231 3613 312 3690 λικῷ,
328 3609 560 3687 ἀπολαμῦοίνουσιν
574 3613 664 3687 ἰσθμὸν
680 3611 775 3686 μεταξὺ
788 3615 887 3670 ἑαυτῶν
898 3614 1011 3672 σταδίων

232 3697 325 3756 ἑκατόν
346 3695 481 3768 ἑξήκοντα.
524 3697 556 3758 ‘0
576 3699 603 3756 δὲ
623 3701 763 3778 περίπλους
787 3705 834 3771 τῆς
853 3701 1010 3778 χερρονήσου
1113 3759 1119 3770 ,

231 3785 372 3863 πάδωιχ
1054 3757 1199 3810 stadiorum
1212 3767 1351 3820 esta,ooo.
1408 3799 1412 3806 .

347 3830 383 3862 Ι.

270 3893 293 3932 7.
314 3870 380 3931 Ὅτι
394 3878 410 3944 ἠ
424 3876 477 3932 τῶν
493 3875 634 3934 Λευκανῶν
652 3871 727 3950 χώρα
747 3871 844 3946 μεταξὺ
860 3874 944 3932 κεῖται
963 3875 1010 3934 δύο
1091 3903 1117 3954 7.
1134 3888 1302 3939 Lucanorum
1313 3883 1384 3949 regio
1395 3881 1463 3933 inter
1476 3880 1530 3932 duo
1545 3839 1687 3933 mariahita
1697 3889 1752 3942 cat,
1766 3897 1836 3950 quo·

230 3961 387 4017 θαλασσῶν·
401 3951 437 4017 ῶν
454 3965 472 4030 ἡ
486 3960 533 4036 μὲν
553 3959 703 4037 Τυρρηνικὴ
718 3959 770 4016 ἀπὸ
784 3959 874 4018 Λαόου
888 3970 1009 4038 ποταμοῦ
1053 3989 1111 4024 rum
1123 3971 1233 4024 alterum
1245 3971 1386 4021 Etruscum
1400 3985 1414 4018 a
1427 3967 1481 4018 Lao
1492 3967 1572 4017 ssuvio
1582 3965 1706 4036 usquead
1719 3965 1834 4018 Silarum

229 4044 276 4112 ἕως
296 4045 411 4123 Σιλοίρου
426 4051 546 4123 ποταμοῦ
561 4048 630 4103 ἐστιν
640 4051 675 4118 ,ἡ
693 4046 720 4102 δὲ
735 4047 861 4118 Σικελικθι
873 4049 924 4106 ἀπὸ
938 4043 1008 4108 Θουέ
1054 4058 1163 4108 flurium
1178 4053 1355 4125 progreditur,
1378 4051 1495 4104 Siculum
1517 4069 1578 4102 vcro
1597 4069 1611 4102 a
1631 4050 1738 4102 Thuriis
1751 4053 1835 4104 hleta-

230 4133 291 4212 ρίων
305 4137 339 4200 είς
357 4135 550 4192 Μεταπόντιον·
561 4132 629 4190 κατὰ
645 4132 671 4191 δὲ
685 4133 733 4201 τὴν
748 4134 856 4211 ἤπειρον
869 4135 921 4192 ἀπὸ
933 4138 1006 4210 Σαμ-
1055 4143 1175 4214 pontium
1192 4158 1289 4210 υτιμισς
1301 4157 1349 4211 per
1361 4139 1538 4190 continentem
1550 4155 1613 4188 reio
1625 4138 1739 4190 Lucania
1750 4139 1833 4207 perti-

229 4224 308 4278 λιτῶν
322 4219 370 4285 ἕως
386 4226 431 4278 τοῦ
449 4223 544 4297 ἶσθμοῧ
558 4225 603 4277 ῖθῧ
624 4218 721 4294 μεταξὺ
736 4221 826 4278 Λίθον
839 4244 868 4277 τε
888 4227 1007 4295 ποταμοῦ
1052 4241 1122 4282 ueta
1136 4228 1295 4282 Samnitibus
1309 4224 1435 4296 usquead
1449 4223 1591 4288 isthmum,
1605 4226 1651 4294 qui
1666 4226 1734 4276 inter
1745 4228 1831 4278 Laum

229 4307 273 4366 καὶ
286 4308 404 4386 θουρίων
414 4330 420 4342 ’
432 4308 530 4374 πλάτος
542 4307 569 4364 δὲ
584 4313 629 4365 τοῦ
653 4309 745 4382 ἰσθμοῦ
755 4306 846 4364 τούτου
864 4307 888 4364 τ’
903 4308 1005 4369 στάδια.
1051 4326 1090 4368 cst
1105 4316 1212 4367 fluvium
1225 4325 1251 4366 et
1260 4313 1387 4366 Thurios,
1423 4309 1508 4379 Hujus
1521 4311 1608 4362 isthmi
1618 4310 1726 4363 latitudo
1735 4311 1832 4364 stadio-

228 4396 298 4473 Πρθς
314 4394 340 4453 δὲ
357 4395 429 4452 νότον
443 4394 508 4472 ὑπὲρ
530 4391 627 4452 τούτοιν
648 4394 768 4472 Βρέττιοι
786 4393 888 4472 ἔχουσιν
904 4394 950 4460 ἕως
963 4401 1007 4454 τοῦ
1051 4418 1111 4453 rum
1123 4409 1161 4451 cst
1172 4399 1233 4451 300.
1245 4400 1328 4468 Supra
1341 4399 1462 4450 Lucanos
1476 4411 1566 4448 versus
1579 4405 1698 4448 austrum
1711 4396 1830 4450 habitant

228 4486 335 4558 ἰσθμοῦ,
351 4481 583 4558 ἀπολαμθοίνοντες
600 4481 648 4552 τὴν
669 4479 826 4558 χερρόνησον
844 4481 892 4552 τὴν
910 4479 1005 4554 μεταξὺ
1051 4486 1148 4541 Bruttii
1163 4501 1246 4553 usque
1259 4483 1292 4535 ad
1303 4483 1444 4546 isthmum,
1456 4489 1613 4550 occupantes
1631 4480 1827 4534 Chersonesum

227 4571 403 4632 Ἱππωνιοίτου
424 4571 520 4631 κόλπου
535 4571 579 4628 καὶ
595 4570 787 4638 Σκυλλητικοῦ.
829 4567 964 4644 Βρεττίους
979 4568 1004 4627 δὲ
1050 4591 1108 4643 quan
1122 4573 1191 4624 inter
1200 4570 1387 4640 Hipponiatem
1398 4577 1424 4620 et
1435 4567 1598 4638 Scylleticum
1609 4569 1695 4620 sinum
1710 4569 1829 4620 contine·

227 4660 350 4718 καλοῦσιν
363 4655 454 4723 αὐτοὺς
464 4661 487 4717 ei
502 4658 650 4732 Λευκανοὶ,
664 4655 710 4714 καί
721 4657 795 4724 δηλοῖ
806 4654 835 4711 τό
849 4653 930 4728 ὄνομα
941 4658 1005 4712 ἀπο·
1050 4671 1102 4713 tur.
1140 4659 1256 4711 Bruttios
1270 4667 1358 4709 autem
1375 4658 1412 4708 sic
1427 4665 1553 4708 vocarunt
1567 4655 1679 4719 Lucani,
1691 4665 1718 4706 ct
1728 4655 1828 4723 signiti-

228 4746 339 4812 στοίτας·
360 4745 447 4804 δοῦλοι
466 4744 517 4824 γθρ
539 4743 610 4811 ὄντες
625 4748 676 4801 τῶν
690 4745 830 4802 Λευκανῶν
853 4731 1004 4810 οίπέστησαν
1050 4759 1091 4800 cat
1107 4748 1158 4800 hoc
1172 4764 1268 4799 nomen
1279 4744 1417 4812 fugitivos;
1429 4761 1488 4796 natu
1499 4745 1572 4814 prius
1583 4745 1749 4796 Lucanorum
1759 4743 1828 4795 servi

228 4837 330 4904 αὐτῶν,
353 4837 554 4912 συμμαχοῦντος
578 4830 715 4890 Διονυσίου
744 4833 789 4889 τοῦ
812 4827 937 4894 Σικελίας
956 4852 1003 4885 τυ-
1050 4835 1137 4898 suere,
1155 4845 1180 4886 et
1195 4833 1228 4888 ah
1247 4833 1279 4885 iis
1293 4831 1435 4902 adjuvante
1458 4830 1583 4902 Dionysio
1603 4829 1695 4883 Sicilia
1713 4839 1828 4899 tyranno

229 4915 329 4994 ραίννου.
1047 4921 1208 4975 deiecerunt.

263 5082 461 5148 LmnnV1.—
486 5099 538 5136 r-a.
557 5100 586 5152 p.
613 5082 674 5146 252,
701 5085 756 5136 AB.
779 5079 878 5150 Ἐλέαν]
900 5078 1003 5132 Ἐλαίαν
1049 5095 1077 5150 p.
1091 5077 1154 5141 254,
1171 5079 1228 5129 AB.
1246 5076 1256 5143 ΙΙ
1276 5074 1350 5126 -5.
1364 5091 1390 5146 p.
1408 5075 1470 5136 ast,
1491 5076 1526 5126 D.
1544 5073 1555 5140 ΙΙ
1577 5074 1650 5124 -6.
1664 5087 1692 5142 p.
1708 5069 1772 5136 2⁵5,
1788 5073 1825 5128 A.

227 5158 300 5225 ctul.;
315 5159 475 5232 Πυθαγυρίων
490 5161 550 5214 cod.
568 5163 579 5230 ΙΙ
598 5191 630 5201 -
652 5162 677 5215 3.
695 5178 721 5231 p.
738 5161 800 5226 253,
824 5163 881 5213 Au.
898 5160 908 5229 11
923 5190 957 5200 -
975 5163 1002 5221 lt·
1050 5157 1061 5226 ΙΙ
1076 5185 1112 5197 -
1123 5174 1147 5227 7.
1159 5171 1187 5225 p.
1201 5153 1262 5219 255,
1277 5155 1325 5206 BC.

1055 3653 1201 3708 stadiorum
1229 3658 1294 3718 160;
1314 3651 1545 3720 circumnavigatio
1567 3660 1654 3702 autem
1677 3649 1836 3704 Chersonesi
