3884 5925
710 458 824 520 ottttts
849 459 1090 525 ensentium.
1652 484 1708 536 ιιι

111 587 117 598 ’
186 586 325 666 Τιριηιιὸς
338 585 484 667 peplum,
500 587 646 668 ῥυηφινίων
660 587 737 646 nidor
747 591 865 670 ἀνδρῶν,
933 601 1193 668 amoeoa'l’artessirs,
1206 579 1345 661 hominum
1356 603 1544 678 opulentum·
1554 609 1639 664 ιιιίιιιι
1650 611 1674 683 l,

935 695 960 737 et
973 687 1077 758 Cempsi
1090 689 1137 758 qui
1148 687 1182 744 sd
1196 688 1300 744 rsdiees
1308 693 1426 762 Pyrenei
1438 693 1568 749 habitant

108 852 169 895 noe
183 842 317 909 inGeogr.
330 849 390 892 tour
409 848 433 903 ι’,
443 857 470 911 p.
484 839 604 909 nonu-
614 839 674 908 337.
686 836 810 910 Teprqohe
820 837 830 910 ]
842 845 891 893 AB
938 841 991 893 lcre
1002 841 1114 897 {lectiam
1129 848 1242 918 patuisse
1253 866 1314 902 cum
1329 848 1430 904 Ulterte
1449 853 1610 906 staurarnusl
1627 857 1714 907 Ιιιιιιιο
1742 823 1746 827 -

111 919 338 976 cereniorem
350 919 460 982 Bernhq
470 919 615 988 ,Ταρτησοὶις
628 919 719 988 vulgo;
735 919 841 989 §melon
855 919 891 982 tl,-
938 923 1087 976 notissimos
1101 925 1164 978 istos
1181 926 1293 996 Cynetes
1305 926 1382 998 longe
1399 927 1506 986 boream
1527 949 1616 984 versos
1630 951 1714 1003 usqne

167 696 169 704 ’
186 673 297 754 Κιμψοΐ
305 676 340 750 θ’,
355 674 382 732 ei
392 673 504 732 ναίουσιν
518 675 583 732 breul
596 671 664 732 πόδα
682 677 839 754 Πυρηναῖον.

107 995 330 1067 §superimplete
339 998 432 1067 stepen
444 1015 462 1068 q
472 1008 500 1049 et
508 997 572 1050 edit.
587 1001 674 1051 Antrt.
686 1000 740 1066 ll·—
750 997 809 1051 338.
825 995 889 1068 hep·
937 995 969 1050 ad
980 999 1105 1070 Cempsos
1118 1003 1215 1056 Oocani
1227 1003 1340 1058 borealis
1351 1017 1376 1059 et
1390 1009 1504 1078 Pyrenes
1522 1010 1621 1066 accolae
1639 1010 1713 1064 habi.

106 1076 150 1144 dol
158 1077 166 1146 1
189 1077 295 1146 llcpsqel
305 1073 398 1131 mmm
409 1093 452 1145 γρ.
468 1076 575 1146 Ksplnl,
589 1075 621 1128 tl.-
632 1075 706 1146 Kelol
716 1075 889 1146 Nioephoras.
937 1086 1004 1130 tasse
1023 1079 1086 1131 olim
1110 1093 1279 1137 censuerunt.
1305 1085 1344 1136 Ex
1363 1085 1534 1140 Straboniana
1556 1090 1713 1160 geographia

107 1155 237 1226 Cemprsos
252 1156 319 1212 aum
333 1173 412 1214 neme
433 1165 563 1210 memorat
577 1166 672 1226 prietes
684 1157 829 1218 Ariorum,
843 1155 890 1225 qni

107 1231 137 1284 in
147 1235 197 1287 Or.
214 1253 280 1287 mar.
293 1253 321 1306 p.
340 1235 388 1304 195
402 1235 439 1288 ita
456 1234 554 1288 hahet:

183 1327 284 1400 Cempsi
296 1341 375 1399 utque
387 1328 466 1396 Strjes
477 1327 573 1380 nrelnos
586 1328 768 1382 collaetantem

185 1406 327 1478 Ophiusstr
342 1407 368 1459 in
380 1425 443 1474 egro
451 1431 461 1468 ,·
470 1418 580 1478 propter
591 1408 636 1460 lms
644 1407 740 1480 pernix
757 1405 839 1476 Ligno

183 1487 388 1556 Drngnnumqne
396 1484 483 1555 proles
496 1485 545 1538 sul
556 1485 648 1538 niuoso
659 1486 771 1540 mraxime

181 1560 363 1634 septemtrione
373 1561 561 1613 collocetuernnt
572 1561 661 1616 lnrcnr.

181 1639 319 1690 Petenion
330 1650 416 1692 nentem
430 1652 469 1692 est
482 1641 568 1692 insnln
578 1639 617 1692 nd
629 1639 764 1714 zephyrum
779 1641 872 1704 lutens,

178 1715 339 1786 pettulnsqne
347 1727 442 1788 portos
449 1738 459 1778 ,·
474 1715 532 1768 intle
545 1717 657 1788 (Tempsis
669 1715 790 1788 ttdjtteent

179 1791 275 1866 populi
288 1797 412 1863 Cynetnm
420 1817 430 1856 ,·
445 1805 501 1846 tum
514 1797 663 1863 Cyneticum
672 1797 767 1866 jngnnt

181 1887 235 1944 qna
247 1870 371 1925 sideralis
381 1872 446 1924 lncis
460 1871 596 1926 inclinatio
606 1885 661 1936 est,

180 1949 235 2001 nlte
250 1959 391 2004 tumescens
403 1947 470 2001 ditis
482 1955 595 2024 Ettmpoe
608 1950 734 2006 extimum

185 2027 212 2079 in
226 2025 335 2082 bellicosi
351 2029 433 2095 tergit
448 2031 546 2084 Oeensi
558 2030 653 2086 solnm.

108 2125 140 2175 In
160 2121 379 2176 antecedentibus
392 2126 510 2178 Avienus
527 2128 600 2197 (145)
621 2128 700 2180 tradit
717 2127 890 2197 Ophiussam,

108 2201 137 2252 io
149 2191 245 2254 oomni
255 2203 316 2264 sinu
328 2203 422 2258 intimo
434 2205 511 2258 sitam
522 2214 575 2267 ,et
593 2207 666 2275 prins
677 2203 892 2274 OEstcpmnidem

108 2279 210 2334 dictam
218 2282 285 2346 ,situ
293 2292 319 2336 et
331 2282 512 2350 magnitnline
518 2283 700 2354 Peloponneso
708 2283 818 2336 similest
828 2300 892 2344 esse,

108 2375 143 2410 ex
156 2377 241 2429 eaque
254 2359 288 2414 ad
302 2359 434 2414 διιιίοιιιιι
450 2380 523 2414 mam
539 2373 637 2432 septem
650 2361 753 2416 derum
766 2361 837 2414 tendi
850 2377 894 2432 pe·

110 2435 161 2490 uiti
182 2440 261 2492 eiam
276 2438 391 2498 uterne
405 2441 521 2506 (Gener.
535 2451 555 2494 t.
569 2445 617 2508 a),
632 2441 723 2494 lineriis
737 2439 850 2494 obstan
861 2455 893 2492 en

111 2526 201 2571 mente
224 2517 317 2580 Avieni
336 2515 466 2576 delineare
488 2529 615 2582 conatm,
635 2519 723 2572 neseio
741 2534 795 2587 quo
816 2526 894 2586 pauo

109 2591 271 2662 Ophiussam
286 2593 318 2646 ad
332 2596 506 2651 Artabrorum
517 2597 692 2666 promontorii
706 2598 840 2664 regionem
850 2611 892 2646 re·

110 2669 219 2736 tulerit,
239 2691 322 2744 quum
343 2676 377 2726 sit
402 2675 567 2730 marsile-stum
587 2673 769 2731 cottecantrnn
791 2673 891 2726 essem

111 2751 239 2804 intimum
254 2753 340 2807 sinum
362 2753 490 2808 Gallicum
502 2791 514 2819 ,-
531 2756 558 2808 in
572 2755 696 2809 extremis
714 2751 859 2822 Pyrenscis,
879 2767 893 2802 ι

110 2847 167 2898 quo
179 2828 215 2882 ad
233 2848 305 2884 utare
317 2831 446 2887 Sardoum
457 2833 569 2888 isthmus
577 2843 631 2896 est,
645 2849 724 2901 quem
737 2829 848 2890 Strabo,
860 2828 894 2881 ab

109 2911 250 2965 &essone
274 2909 308 2965 ad
331 2911 507 2967 't'anneonem
529 2913 596 2967 viam
629 2921 802 2982 eomputens,
825 2911 895 2971 aloe

110 2987 261 3043 stadiorum
280 3007 335 3043 esse
349 2988 476 3059 prodidit.
491 2990 648 3061 Ophiussam
667 2989 752 3043 uren
771 2987 895 3039 linxerint

111 3065 251 3121 enomine
267 3065 379 3119 barbmo
398 3064 517 3129 'oleseh
530 3066 629 3119 uteres
643 3066 682 3121 vel
699 3066 797 3135 Oisporis
811 3064 893 3136 (qued

111 3142 197 3199 hodie
211 3156 341 3215 superstes
354 3156 393 3197 est
408 3146 434 3197 in
451 3150 563 3214 Oyetrco,
582 3148 702 3215 Qrctrtrm
712 3148 733 3212 ).
746 3144 821 3197 Nulla
830 3158 895 3197 'sane

112 3220 149 3277 ibi
162 3222 337 3277 chersonesus
345 3234 385 3275 est
394 3241 543 3292 quemeum
556 3224 735 3293 Peloponneso
744 3240 896 3293 comparare

110 3304 214 3375 possis,
226 3312 254 3357 at
268 3301 373 3353 linxisse
393 3302 470 3357 talem
486 3313 600 3364 veteres,
613 3322 628 3353 o
648 3302 779 3355 Ptolemaei
802 3302 896 3353 tabulis

111 3379 231 3451 colligis,
252 3379 296 3431 ubi
315 3382 416 3435 (rasso
432 3382 642 3451 promontorium
663 3382 753 3448 irrgens
770 3397 818 3449 per
839 3396 896 3448 gra·

111 3454 178 3511 dum
195 3458 325 3525 integrum
337 3468 426 3511 ortum
437 3458 597 3528 boreamque
612 3476 699 3511 versus
710 3460 736 3511 io
751 3476 822 3511 mare
834 3474 895 3527 pro·

77 3564 82 3569 ·
109 3534 215 3607 jicitur.
239 3536 362 3589 Similiter
384 3538 411 3589 in
435 3537 571 3591 Adriatieo
588 3537 715 3607 llpllicam
732 3536 894 3607 peninsulam

112 3615 198 3683 ligura
208 3625 234 3667 et
246 3614 425 3683 magnitudine
436 3616 615 3687 Peloponneso
628 3616 739 3669 similem
753 3632 826 3669 casea
835 3634 896 3683 geo·

111 3692 223 3763 graphia
235 3692 379 3763 perhibuit.
398 3695 501 3763 Cenrpsi
516 3694 606 3763 igitur,
625 3704 655 3746 ut
674 3693 816 3763 Dionysius
829 3710 895 3763 que·

112 3788 166 3840 que
187 3781 310 3831 testatur,
331 3772 515 3839 Pyrenaeerum
531 3770 624 3823 accolae
640 3780 715 3823 erant
728 3772 755 3822 in
769 3768 896 3823 hodierna

67 3882 73 3889 -
112 3848 270 3921 Gnqnnscon
289 3850 424 3918 provincia
444 3848 553 3919 ejusque
574 3850 682 3913 ricinia,
699 3848 744 3901 uhi
770 3850 797 3901 in
816 3850 897 3903 altero

113 3928 303 3999 Pyrenaeorum
316 3926 394 3981 latere
406 3930 529 3981 novimus
540 3928 684 3997 tqutnnie
700 3936 802 3995 gentem
819 3932 897 3983 Cum·

112 4008 192 4059 lenm
203 4006 215 4073 <
227 4004 261 4057 ad
275 4004 338 4059 hod.
365 4004 492 4061 Cambete.
517 4008 552 4061 V.
566 4006 633 4061 Plin.
646 4010 672 4069 4,
694 4010 757 4073 19).
771 4008 896 4075 Cempso·

113 4100 173 4137 nrm
189 4084 271 4135 ricini
287 4083 382 4153 Lippos
399 4100 433 4135 ex
447 4085 541 4137 Avieni
564 4095 652 4137 mente
667 4083 789 4136 latissime
807 4082 898 4137 dillusi

113 4180 198 4232 mque
220 4160 254 4213 ω
269 4163 405 4217 oceanum
428 4164 557 4217 borealem
574 4164 749 4235 pertinebam‘
769 4166 896 4252 (ΜΨ
943 4200 1027 4253 ἔπειτα
1044 4201 1070 4253 δὲ
1092 4199 1169 4267 hond
1186 4198 1310 4260 Ῥοδανός.
1326 4200 1357 4251 In
1372 4199 1470 4268 quibus
1490 4198 1622 4251 temeret
1636 4218 1721 4271 neque
1766 4198 1769 4204 ’

112 4241 145 4293 sit
158 4244 314 4307 magontini
323 4242 426 4312 proles,
441 4242 528 4297 dieere
537 4262 591 4295 non
605 4242 698 4295 haheo.
710 4243 800 4311 Neque
817 4256 897 4309 magis

112 4328 219 4372 constat
239 4316 273 4371 de
291 4318 396 4381 Seefilnns
415 4322 515 4374 vicinis.
531 4322 564 4373 Ni
586 4319 669 4381 fallor.
685 4319 764 4387 Sceses
778 4319 897 4371 librario·

111 4416 173 4452 rum
202 4396 243 4449 vel
268 4400 382 4451 auctoris
404 4418 494 4453 errore
515 4401 642 4470 scriptum
663 4409 703 4451 est
722 4416 772 4468 pro
794 4398 896 4463 Gletes,

113 4474 257 4539 ΓΑΗΤΕΣι
290 4494 351 4529 nam
379 4477 602 4546 quemadmodum
627 4478 744 4531 Avienus
773 4478 898 4547 Cempsns

97 4556 248 4627 ·Cpnetun
264 4555 365 4607 ricinos
380 4574 435 4609 esse
448 4556 531 4619 dicit,
549 4558 586 4609 sic
607 4555 762 4609 Herodorus
780 4558 842 4625 (ep.
857 4558 895 4611 St.

113 4635 146 4689 B.
160 4652 187 4687 ι.
206 4632 330 4701 'imp-lm)
344 4632 431 4693 Gletes
441 4634 583 4703 Cynetibus
595 4652 610 4687 a
626 4635 705 4687 borea
720 4634 781 4686 lenit
794 4643 898 4686 conter-

115 4712 220 4777 minos3
246 4710 319 4765 unde
351 4712 477 4784 Cempses
499 4723 526 4765 ct
555 4713 643 4767 Gletes
673 4712 797 4765 finitimos
821 4710 898 4767 luisse

115 4789 258 4861 colligitur.
283 4790 406 4843 Ceterum
434 4791 522 4845 Gletes
544 4794 615 4855 sive,
637 4802 668 4844 ut
691 4790 785 4844 Suebo
805 4790 896 4855 habet,

115 4870 222 4935 l'gletes,
238 4887 292 4921 uon
306 4868 404 4923 diversi
419 4868 523 4923 suntab
537 4870 568 4923 iis
577 4888 643 4939 quos
654 4870 769 4922 tnenus
780 4868 831 4921 alio
841 4867 899 4922 loco

114 4958 140 4999 et
152 4965 184 5001 ex
197 4945 249 4999 alio
264 4945 337 4999 lente
358 4945 454 5001 Ileates
470 4956 552 5001 vocat.
570 4946 650 5013 Quod
666 4946 699 4999 ad
713 4948 828 5027 Cynetesl
839 4950 898 4999 atti·

114 5036 173 5089 net,
186 5042 301 5096 quorum
315 5042 383 5094 saepe
397 5034 495 5077 veteres
507 5025 667 5077 mentionem
681 5023 787 5087 iaciunt,
798 5035 899 5079 constat

113 5122 159 5157 eos
180 5104 251 5157 circu
273 5108 359 5159 Anam
375 5102 486 5157 lluvinnr
501 5102 630 5155 habitasse
645 5112 841 5171 extremamque
856 5122 899 5157 oe-

113 5181 198 5235 cidnae
213 5182 307 5237 lbetiae
321 5191 424 5253 partem
435 5181 589 5235 obtinuisse.
603 5180 673 5234 Num
686 5182 764 5249 igitur
774 5180 899 5236 obscuros

115 5272 219 5319 nosnos
238 5262 365 5333 Cempsos
390 5258 452 5313 inde
469 5278 484 5313 a
505 5262 605 5331 Pyrene
617 5278 734 5331 eousque
752 5277 799 5333 per
818 5270 897 5312 totam

936 1157 1108 1226 (bmpsornm
1119 1158 1219 1211 vicinos
1234 1161 1358 1214 occiduos
1366 1161 1464 1216 dixeris
1474 1164 1596 1218 Conisees
1610 1166 1649 1218 rel
1666 1175 1716 1220 lo-

936 1233 1042 1296 nincos,
1054 1251 1122 1306 quos
1134 1237 1212 1307 prisci
1228 1240 1358 1308 Cynetum
1369 1241 1475 1292 nornine
1486 1241 1715 1310 comprehendisse

938 1311 1070 1377 videntur,
1097 1317 1149 1368 nisi
1176 1315 1284 1368 lorusse
1304 1317 1409 1368 Conisci
1430 1334 1490 1369 cum
1509 1320 1570 1388 ipsis
1596 1322 1715 1392 Cempsis

936 1391 1112 1461 componendi
1126 1405 1197 1448 sunt.
1207 1424 1244 1434 —
1256 1394 1329 1448 Alius
1343 1396 1436 1449 Avieni
1452 1395 1538 1460 loeus,
1554 1415 1608 1467 quo
1621 1401 1715 1470 Cemp-

937 1485 1026 1522 snrum
1043 1471 1142 1524 mentio
1158 1471 1307 1540 lit,legitur
1320 1491 1358 1528 rs.
1377 1477 1439 1542 298,
1452 1475 1516 1540 ubi,
1526 1487 1664 1546 postquam
1680 1479 1716 1530 de

936 1545 1058 1600 Tartesso
1071 1549 1153 1603 lluvie
1164 1549 1280 1614 dixerat,
1294 1553 1379 1621 pergit
1387 1563 1463 1622 poeta
1476 1571 1482 1606 :

1235 1678 1289 1731 qno
1307 1660 1399 1712 dehinc
1412 1661 1559 1734 obsequere

1007 1737 1074 1789 sttlst'
1080 1738 1178 1806 fluenti
1187 1750 1265 1792 ruste
1274 1757 1324 1810 per
1332 1738 1444 1792 medinm
1455 1741 1497 1792 sol
1502 1741 1507 1750 ’

1008 1815 1077 1880 regio
1091 1816 1195 1877 recedit,
1207 1835 1269 1884 gens
1280 1821 1436 1872 Etmanenm
1444 1818 1555 1878 accolit,

1007 1904 1086 1963 ntqne
1099 1893 1158 1946 inde
1170 1912 1260 1946 rursus
1271 1895 1395 1965 nsqnend
1411 1901 1575 1966 Cempsorntn
1589 1909 1650 1950 sntn

1009 1974 1104 2024 llentes
1118 1991 1182 2038 egro
1195 1991 1222 2024 se
1229 1973 1319 2041 sentci
1326 1973 1468 2044 porrigunt
1475 1996 1484 2034 ,·

1009 2050 1144 2102 trtnritinm
1159 2067 1219 2102 vero
1235 2051 1363 2107 Cilbiceni
1374 2050 1520 2123 possident.

939 2163 999 2214 linc
1010 2165 1045 2216 ita
1061 2163 1176 2220 Ukertus
1190 2167 1216 2218 in
1230 2165 1318 2218 tabula
1327 2167 1538 2235 representavit,
1552 2176 1583 2218 ut
1597 2169 1715 2222 Etmanei

938 2253 964 2294 et
979 2243 1068 2296 lleates
1086 2245 1113 2296 in
1135 2243 1221 2296 media
1237 2245 1351 2308 betica,
1366 2244 1492 2298 Cilbieeui
1506 2255 1594 2298 autem
1610 2250 1717 2300 Οωοιιο

938 2323 1079 2392 prespinqui
1093 2323 1162 2386 sint;
1176 2340 1328 2394 perperam,
1337 2323 1440 2392 opiner.
1454 2322 1585 2376 Nimirum
1603 2323 1715 2378 emtum

940 2400 982 2450 vir
996 2410 1035 2452 est
1048 2401 1113 2471 quin
1126 2402 1208 2472 ignoti
1221 2402 1263 2453 isti
1274 2400 1370 2452 Ileates
1381 2402 1434 2454 sint
1445 2401 1558 2470 Ἴιλιιιις
1569 2403 1713 2458 Strabonis.

938 2476 1042 2544 Quodsi
1055 2483 1211 2532 Etntonettm
1223 2479 1337 2532 Avienus
1351 2479 1378 2530 in
1392 2477 1464 2532 lente
1476 2496 1525 2530 suo
1536 2481 1663 2549 scriptum
1676 2500 1717 2535 re-
1758 2507 1765 2522 ·

939 2555 1023 2626 perit,
1035 2555 1152 2609 codicem
1167 2555 1291 2610 adhibuit
1313 2558 1341 2608 in
1354 2575 1408 2626 quo
1426 2557 1465 2608 tt
1481 2557 1580 2610 abierat
1596 2560 1625 2612 in
1643 2559 1678 2622 hl,
1690 2571 1717 2614 et

942 2631 1085 2703 'Erpsrlor
1095 2632 1228 2704 legebatur
1233 2652 1283 2706 pro
1296 2633 1448 2686 'semanim
1457 2675 1465 2699 ,
1475 2635 1591 2704 quisunt
1602 2637 1719 2692 Edetani

940 2711 979 2762 vel
989 2709 1107 2764 Sedetani
1121 2712 1268 2776 Strabonis,
1280 2713 1360 2774 Livii,
1368 2713 1496 2782 Appiani,
1509 2713 1719 2770 motinensem

941 2808 1002 2842 vem
1020 2790 1130 2842 Edetani
1144 2809 1197 2846 sec.
1215 2791 1370 2844 Sueborrem
1386 2790 1516 2844 indolere
1534 2793 1719 2864 aCarthagine

940 2869 1013 2920 Nova
1023 2887 1105 2938 usque
1118 2869 1152 2921 ad
1162 2869 1267 2922 Iberum
1281 2869 1390 2924 fluvium
1401 2871 1532 2938 pertinent
1540 2909 1549 2934 ,
1556 2871 1648 2939 Igletes
1657 2891 1719 2926 ιιιιιι

939 2947 974 3003 ab
987 2947 1064 3003 Ibero
1079 2947 1185 3001 boream
1202 2966 1293 3002 versus
1309 2947 1446 3012 habitant,
1467 2947 1534 3001 adeo
1546 2960 1577 3002 ut
1594 2949 1630 3003 ad
1648 2951 1719 3021 imos

940 3028 1078 3095 Pyrerraos
1088 3025 1164 3096 justa
1177 3028 1302 3095 Cempsm
1315 3026 1436 3079 eollocari
1449 3028 1549 3095 possint
1560 3028 1719 3081 oemnodis·

940 3104 1014 3155 sime.
1026 3104 1173 3159 Cilbicenes
1184 3104 1278 3157 Strabo
1286 3122 1339 3157 nen
1349 3105 1438 3167 novit,
1450 3103 1498 3157 sed
1507 3106 1578 3175 ipsos
1588 3106 1720 3161 Edetanos

940 3192 965 3233 ct
980 3181 1087 3251 Igletes,
1098 3200 1166 3255 quos
1175 3180 1426 3236 mediterraneorum
1441 3193 1517 3235 emta
1530 3186 1630 3252 reponi
1641 3188 1720 3239 Arie-

941 3279 991 3312 nus
1003 3262 1132 3331 assignat,
1151 3278 1224 3313 oram
1239 3262 1399 3315 maritimam
1409 3261 1523 3329 attigisse
1536 3273 1633 3317 woset.
1652 3266 1719 3331 Ωιι

942 3357 1004 3391 vero
1024 3338 1103 3391 suerit
1116 3356 1163 3391 ora
1186 3338 1397 3403 Cilbioenorum,
1419 3340 1537 3393 actenus
1558 3340 1657 3395 touton
1679 3358 1718 3395 rs.

941 3420 1004 3481 lat,
1021 3417 1067 3470 uhi
1079 3418 1107 3469 in
1118 3417 1237 3469 orientali
1251 3416 1343 3473 lberiae
1355 3434 1402 3471 ora
1413 3418 1530 3488 primunt
1543 3421 1661 3473 nebat
1673 3421 1719 3473 Li·

942 3494 1125 3567 hyphoenioes,
1152 3505 1210 3547 tum
1236 3496 1396 3558 Massienos,
1413 3507 1471 3549 tum
1490 3496 1625 3551 ctleieena
1642 3516 1720 3565 matta

942 3570 1037 3626 lernen
1048 3573 1107 3639 egei
1127 3584 1153 3625 et
1168 3572 1266 3625 divites
1290 3573 1435 3627 Tartessios
1448 3573 1494 3644 qni
1509 3575 1682 3645 porrignntne
1692 3578 1720 3629 in

941 3651 1104 3707 Cnletcticttm
1119 3650 1289 3719 (Galaticum
1299 3668 1351 3703 em.
1363 3650 1485 3705 hieiueke
1497 3654 1525 3705 in
1534 3653 1617 3709 vind.
1631 3655 1719 3711 διώ.

941 3748 968 3801 p.
986 3731 1034 3799 39)
1050 3730 1318 3798 sinum,·quamrisin
1331 3730 1371 3781 his
1390 3730 1516 3784 Cilbiceni
1540 3733 1719 3802 potiusquam

941 3810 1063 3861 Tartessii
1073 3826 1156 3879 usque
1168 3805 1202 3859 ad
1215 3807 1362 3860 Galaticum
1373 3808 1462 3861 sinum
1471 3811 1603 3878 pertinere
1612 3809 1720 3865 debeis·

942 3896 1008 3938 sent.
1033 3886 1163 3938 Nimirum
1187 3884 1220 3937 ah
1243 3884 1383 3939 Herodoto
1401 3887 1459 3955 (ap.
1476 3888 1514 3939 St.
1530 3888 1563 3939 B.
1577 3886 1595 3940 l.
1608 3886 1627 3939 l.
1639 3892 1648 3951 )
1661 3898 1721 3957 pest

942 3966 1070 4035 Cynctes,
1084 3965 1179 4037 quibus
1192 3982 1208 4017 a
1221 3963 1300 4016 beree
1313 3963 1399 4017 Gletes
1416 3965 1569 4026 imminent,
1584 3982 1720 4019 recensen-

943 4056 987 4098 tur
1000 4045 1148 4114 Ταριῆσιιι,
1165 4042 1226 4112 μετὰ
1240 4042 1266 4095 δὲ
1290 4040 1441 4095 Ἐλὸυσίιιοι
1454 4041 1611 4111 (hillarion
1635 4046 1719 4097 ttece-

943 4124 982 4176 ta‘i
993 4128 1018 4188 )‚
1042 4122 1103 4193 perd
1138 4120 1164 4174 δὲ
1198 4120 1350 4186 Μαιτιηνιί,
1380 4119 1441 4189 μετὰ
1472 4119 1498 4172 δὲ
1522 4120 1719 4185 Κελκιαιιὶ,

944 4281 969 4333 in
987 4278 1124 4333 helnmvol
1142 4297 1202 4333 cum
1219 4277 1354 4339 bethelin,
1369 4297 1455 4349 neque
1476 4280 1504 4331 in
1526 4278 1639 4333 llelrtnol
1659 4298 1721 4331 cnm

943 4358 1075 4411 hlcincltio
1096 4368 1136 4411 est
1154 4357 1319 4411 mutandum.
1338 4359 1420 4409 Manu
1441 4357 1572 4412 lenissima
1594 4359 1721 4413 seribere·
1794 4375 1799 4385 '

945 4439 1091 4504 lieilezvol,
1113 4437 1193 4491 modo
1217 4448 1347 4491 constaret
1364 4438 1493 4491 brienum
1516 4437 1646 4506 Stqrbano
1665 4454 1720 4489 me·

943 4518 1008 4571 liora
1022 4517 1133 4571 tradere.
1146 4518 1313 4570 -Ceterum
1325 4516 1430 4583 Cernpsi
1442 4516 1469 4565 in
1483 4518 1659 4572 continentem
1673 4530 1718 4567 ee·

944 4609 1036 4649 nerant
1050 4615 1082 4649 cx
1100 4594 1199 4658 insula,
1212 4604 1277 4647 teste
1290 4595 1392 4647 Avieno
1403 4594 1455 4655 254
1471 4609 1478 4645 ε

1015 4712 1084 4761 Pnrs
1092 4724 1172 4778 porro
1181 4710 1239 4759 Eon
1252 4704 1367 4756 continet
1383 4704 1528 4757 Tartessios

1014 4796 1040 4837 et
1053 4784 1209 4839 Cilbicenos.
1228 4786 1339 4838 Cnrtnre
1349 4794 1412 4853 post
1427 4781 1513 4834 insnln
1525 4792 1579 4845 est,

1013 4882 1118 4937 enmqtee
1125 4863 1243 4934 pridem,
1255 4861 1351 4926 intinxi
1368 4862 1426 4931 (sic)
1439 4862 1509 4913 setis
1519 4858 1633 4928 estfitles

1016 4944 1136 5014 [enmqire
1154 4940 1274 5012 pridem,
1288 4940 1314 4993 si
1333 4940 1424 4992 Philto
1436 4939 1504 4991 entis
1518 4949 1556 4989 eet
1565 4934 1629 5003 fides
1647 4932 1717 5009 conj.

1522 5016 1641 5069 Meinele
1651 5014 1669 5069 l.
1679 5010 1719 5095 1.]

1017 5110 1117 5150 tentem
1128 5095 1233 5168 Cempsi
1240 5116 1249 5156 ,·
1254 5094 1435 5169 proximorum
1446 5104 1537 5167 pecten

1012 5176 1086 5247 peelsi
1099 5175 1199 5238 dteello,
1213 5174 1291 5227 enno
1306 5174 1444 5247 qrtoesitum
1455 5171 1511 5225 loce

1013 5276 1040 5308 se
1047 5256 1189 5331 pentttlete.
