3884 5925
618 460 793 523 tutPLus
814 459 978 519 Bostont
999 460 1172 521 Tuutctt.
1668 468 1693 545 >s

101 596 198 667 quidem
209 594 346 665 jungentis
358 593 466 647 insulam
480 595 634 656 continenti,
647 603 673 646 at
687 611 740 645 non
758 590 870 659 longiori
916 600 1004 643 torum
1015 592 1126 661 piscium
1140 593 1229 643 llomae
1241 600 1267 643 ct
1278 590 1404 643 Venetiis.
1418 589 1568 642 suavissimi
1578 588 1630 641 cibi
1639 606 1695 639 crc-

102 684 175 754 spatio
193 684 327 750 octoginta
345 680 472 751 passibus,
485 680 582 749 quibus
595 690 665 749 patet
686 680 712 731 in
730 676 871 747 longitndi·
915 676 978 729 bros
990 694 1079 745 greges
1093 676 1181 731 videre
1197 676 1257 729 licet
1274 677 1300 727 in
1318 678 1448 745 Bisspnno,
1469 673 1614 726 eorundem
1628 690 1695 743 qius·

102 788 168 831 nem,
181 770 207 821 in
220 768 386 821 latitudinem
401 768 505 819 circiter
517 766 703 837 quadraginta,
717 766 762 836 qui
783 764 869 817 homi·
916 778 968 831 que
984 777 1084 833 pugnas
1097 780 1159 814 cum
1172 760 1303 831 delphinis
1316 761 1378 813 talis
1395 759 1626 831 spectaro,·qualcs
1643 770 1696 811 tm·

104 874 159 909 num
176 873 257 907 manu
274 855 352 907 obrui
366 864 468 925 potest:
486 853 616 922 reliquum
630 852 771 905 Chalcidici
786 852 871 921 euripi
916 848 1017 901 duntur
1034 848 1241 919 ascriptoribus.
1263 848 1344 915 Quod
1361 850 1383 900 si
1406 848 1550 918 Bosporani
1558 865 1620 925 'uon
1639 857 1696 899 tan·

103 942 240 993 Euboicum
256 940 353 993 fretum
371 940 477 1007 longum
491 949 518 991 et
533 937 655 1001 dilhcile;
671 954 724 989 non
742 936 872 989 enimnlia
916 946 1007 1007 topcre
1031 940 1139 989 tenonis
1170 937 1292 989 carnibus
1317 936 1496 999 abundarent,
1528 937 1549 987 si
1581 934 1697 1005 piscibus

105 1028 213 1081 infestior
232 1027 308 1079 classi
322 1028 400 1079 statio
416 1036 455 1077 est
469 1064 476 1089 ,
490 1044 549 1077 nam
561 1036 588 1077 et
602 1026 671 1077 renti
689 1024 723 1075 ab
735 1023 873 1091 utriusque
915 1024 1116 1089 delectarentur,
1130 1037 1158 1078 ut
1169 1028 1276 1089 Veneti,
1289 1026 1310 1077 si
1325 1025 1406 1077 libere
1420 1026 1513 1095 piscari
1530 1033 1653 1095 possent,
1664 1041 1695 1075 ac

104 1126 169 1165 terrm
181 1113 293 1183 praealtis
305 1111 439 1163 montibus
448 1110 527 1163 subiti
539 1120 616 1180 atque
627 1108 762 1181 procellosi
776 1107 871 1159 fretum
915 1130 969 1163 non
979 1128 1029 1181 pro
1038 1111 1138 1163 tributo
1151 1110 1264 1165 niediam
1274 1112 1424 1181 piscationis
1433 1121 1534 1181 partem
1546 1108 1609 1161 dare
1621 1128 1697 1177 coge·

104 1200 147 1251 hoc
163 1208 303 1268 torquent;
323 1200 453 1269 Bosporus
473 1208 559 1251 autem
575 1214 677 1267 semper
695 1206 834 1267 portuosus
847 1203 873 1247 ct
916 1208 1017 1261 rentur,
1029 1208 1056 1249 et
1067 1216 1198 1251 reservare
1210 1217 1262 1251 nott
1275 1198 1402 1250 baberent
1420 1216 1523 1249 neccsse
1536 1199 1589 1263 regi
1604 1214 1697 1248 omrtos

102 1284 252 1353 navigabilis.
273 1286 402 1336 Praetereo
413 1282 537 1335 isthmum
554 1281 768 1343 Corinthiacum,
783 1281 829 1349 qui
844 1290 873 1331 ut
915 1282 1057 1353 pelamidcs
1068 1303 1099 1335 es
1112 1287 1197 1337 Ponto
1207 1283 1403 1345 descendentes,
1415 1283 1532 1353 prolecto
1541 1284 1630 1335 omnia
1642 1282 1698 1335 lota

103 1370 187 1421 fretum
201 1368 368 1433 admisisset,
382 1368 449 1421 duos
463 1379 549 1421 minen
562 1368 636 1419 sinus
654 1366 745 1418 breves
763 1364 872 1433 conjun-
916 1372 1055 1441 Byrautina
1070 1372 1180 1441 piscium
1193 1371 1360 1433 multitudine
1374 1371 1553 1440 implerentur.
1569 1371 1653 1423 Gracci
1665 1388 1697 1421 cx

103 1466 178 1523 gei-et,
192 1458 236 1524 ‘tui
258 1473 314 1507 ¹¹0⁰
330 1472 422 1522 magno
442 1454 613 1521 ssfltlgtllffllls
628 1452 781 1504 circulllfflte
797 1448 872 1519 jungi
916 1460 1025 1528 antiquo
1035 1436 1150 1528 quodirn
1160 1458 1301 1529 proverbio
1317 1456 1445 1511 extollunt
1460 1456 1697 1526 llellospontiorum

103 1552 201 1611 possum
214 1561 220 1595 :
234 1553 261 1593 ot
271 1542 403 1611 Bosporus
415 1539 551 1609 conjungit
563 1539 617 1592 duo
627 1541 722 1603 morlo,
736 1534 795 1609 quo}
804 1537 873 1590 nulla
916 1546 1026 1615 piscium
1037 1546 1149 1614 copiam.
1166 1546 1208 1597 Sic
1218 1546 1300 1607 enim,
1312 1544 1444 1613 inquiunt,
1461 1562 1522 1595 cum
1533 1544 1592 1611 quis
1601 1554 1699 1595 temere

104 1627 263 1695 navigationis
277 1628 435 1679 circuitione
453 1626 527 1696 jungi
540 1636 650 1696 possunt
671 1626 719 1677 nisi
739 1624 870 1693 Bosporo,
916 1648 946 1683 ea
956 1648 1015 1699 qua»
1029 1630 1176 1693 abundant,
1189 1628 1295 1682 aliunde
1308 1628 1383 1681 offert
1397 1638 1427 1681 ut
1438 1646 1513 1692 rara,
1531 1628 1619 1679 (tieem
1632 1628 1698 1680 sote.

102 1730 171 1782 quem
180 1710 562 1783 sapienterEuripideselavem
572 1712 690 1761 nominat
699 1708 786 1761 Ponti.
795 1711 873 1760 Hecto
918 1714 989 1779 bant,
1003 1740 1014 1760 i
1023 1726 1144 1767 noctuam
1156 1715 1301 1777 Athenas„
1312 1725 1358 1767 not
1367 1738 1377 1759 ι
1385 1714 1484 1774 buxum
1495 1714 1522 1765 in
1536 1714 1662 1783 Cytorum
1672 1738 1696 1776 ι,

105 1796 226 1867 physicum
241 1796 374 1847 tationem
392 1794 473 1846 secuti
485 1804 567 1864 poetae
581 1794 715 1845 finxerunt
729 1792 872 1861 Bosporum
917 1810 962 1853 out
979 1825 990 1845 ι
1003 1802 1086 1869 pisces
1096 1802 1123 1853 in
1133 1800 1328 1871 Hellespontum
1341 1826 1367 1863 υ,
1379 1816 1434 1869 quo
1443 1798 1525 1851 multo
1535 1800 1699 1869 prestantior

104 1882 199 1935 minime
217 1882 357 1951 pervium,
377 1878 542 1948 eundemque
566 1880 676 1931 transire
688 1878 751 1930 sine
775 1878 874 1930 Phineo
917 1889 1064 1956 Bosporos,
1078 1906 1216 1959 perquem
1228 1890 1315 1958 primo
1333 1889 1430 1957 pisces,
1443 1886 1606 1957 pastionibus
1620 1888 1697 1939 Ponti

104 1986 154 2035 rige
176 1968 282 2038 Bospori
312 1970 435 2019 tasonem
461 1984 512 2017 non
540 1966 671 2037 potuisse,
700 1964 873 2035 significantes
918 1976 1026 2044 pingues
1040 1974 1115 2039 tacu,
1129 1972 1581 2043 descenderindeiniteeitits,qui
1596 1976 1696 2045 uospo

105 2056 205 2107 Pontum
220 2055 308 2107 lnt'iw
321 2071 381 2122 ttge
402 2054 508 2125 30⁵th
525 2053 592 2105 odiri
614 2072 666 2105 ⁰⁰¹¹
688 2072 779 2125 posse;
805 2064 874 2105 ¹1*ch
918 2076 1042 2111 tonorum
1072 2059 1229 2129 piscatorum
1257 2059 1364 2111 insidias
1386 2058 1548 2126 effugerunt,
1580 2058 1699 2112 latiorem

104 2140 219 2191 Hesiodus
232 2140 269 2193 ait
284 2139 416 2192 Phineum
435 2148 592 2191 excecatum
607 2139 701 2203 luisse,
715 2138 787 2209 quod
806 2139 874 2191 navi·
919 2154 1052 2197 transeunt
1075 2144 1282 2215 ttettocpontum.
1298 2144 1388 2213 Quid?
1407 2144 1480 2214 quod
1494 2162 1541 2197 sua
1561 2144 1700 2197 dulcedine

104 2228 219 2293 gatonem
240 2226 409 2295 Cyaooerum
428 2234 455 2277 et
480 2227 557 2279 Ponti
577 2226 675 2278 Phrixo
699 2224 872 2277 indicavisset.
918 2242 1021 2301 superat
1040 2242 1126 2285 cetera
1146 2234 1244 2295 maria,
1258 2243 1286 2285 et
1304 2250 1358 2285 sua
1374 2230 1520 2285 dulcedinis
1541 2231 1699 2285 iocunditate

104 2314 192 2365 Omitto
208 2313 360 2383 Bosporum
377 2313 549 2364 Cimmerium
568 2313 676 2379 triginta
690 2310 772 2364 stadia
789 2311 871 2363 lutum
917 2317 1054 2371 contendit
1072 2336 1132 2371 cum
1145 2317 1307 2369 mirabilibus
1325 2318 1426 2381 lluviis,
1440 2318 1508 2369 inter
1520 2334 1587 2386 quos
1598 2318 1701 2372 excellit

104 2406 124 2449 tl
136 2396 270 2460 totlffissmt
288 2398 347 2467 qul,
366 2398 414 2449 01⁵5
425 2396 498 2449 Valde
518 2395 667 2467 Pfflfussdffi'»
686 2407 768 2459 esset,
789 2406 873 2447 tomen
918 2403 1008 2465 Nilus,
1022 2403 1132 2474 tligypto
1143 2402 1250 2473 quidem
1268 2402 1463 2455 iocunditatem
1480 2402 1622 2465 dans,scd
1644 2422 1698 2456 non
1732 2408 1735 2413 '

104 2484 179 2535 hostis
191 2500 243 2535 non
258 2481 432 2545 arceret,sed
445 2482 612 2534 auxiliaretur
623 2482 750 2535 hostibus.
767 2482 874 2549 Congla·
920 2498 972 2541 tam
986 2489 1040 2539 suis
1054 2490 1146 2541 noricis
1161 2489 1252 2557 aquis,
1265 2496 1345 2557 quam
1360 2487 1417 2539 coli
1434 2498 1461 2539 et
1474 2498 1549 2539 terta·
1560 2488 1699 2543 siticulose

104 2569 175 2619 clatus
185 2569 253 2620 enim
267 2570 360 2639 pontis
375 2569 457 2619 vicem
467 2577 584 2639 prostat,
599 2566 673 2636 cujus
687 2569 771 2639 campi
787 2568 874 2619 minus
919 2586 1013 2627 natum
1020 2613 1029 2639 ‚
1038 2574 1066 2627 id
1077 2574 1149 2644 qood
1160 2574 1366 2645 deprehenditur
1374 2592 1405 2625 ex
1414 2573 1504 2625 rivulis
1512 2572 1623 2628 fontium
1636 2577 1701 2627 Λη.

107 2656 221 2706 mansueti
231 2672 316 2725 quam
329 2654 397 2706 illius
414 2665 524 2706 montes.
536 2656 663 2707 Praetereo
679 2654 874 2725 Hellespontum
919 2660 1091 2725 hientrice,
1101 2660 1205 2723 itatis,
1214 2660 1360 2729 babyloniae
1372 2659 1493 2711 :tiicnim
1505 2658 1654 2711 sicuttt'itus
1664 2660 1701 2713 vt.

106 2740 876 2811 longehtiorcrnetsinullyrautiacocarentemdequorectc
920 2747 980 2800 cina
988 2745 1225 2816 locu,qnaealiuere
1233 2756 1352 2815 possunt,
1361 2743 1454 2797 fertilia
1462 2742 1590 2796 efficiunt.
1621 2744 1701 2797 Unde

106 2831 279 2882 Constantinus
291 2828 435 2898 judicavit,
452 2846 522 2893 eum,
533 2828 682 2899 posthabito
696 2828 874 2899 Hellesponto,
920 2833 1050 2902 Byzantiis
1068 2832 1136 2900 egris
1152 2830 1240 2900 Libyae
1252 2836 1305 2883 ta'm
1323 2830 1419 2882 eximia
1432 2828 1567 2893 fertilitas,
1582 2839 1612 2881 ut
1629 2840 1700 2881 terra

106 2914 352 2986 Constantinopolim
373 2916 400 2967 in
423 2915 498 2984 Sigeo
512 2914 694 2986 promontorio
712 2914 875 2980 inchoatam,
920 2920 1040 2990 agricolis
1048 2918 1133 2974 foenus
1144 2918 1238 2974 reddat
1248 2936 1309 2972 cum
1319 2918 1461 2972 centesima
1470 2916 1553 2986 fruge,
1563 2918 1651 2972 nisiex
1663 2920 1701 2972 ri·

107 3005 217 3055 eminenti
226 3003 350 3055 inlauces
356 3003 525 3072 HeHesponti,
535 3003 665 3054 transtulit
674 3002 707 3054 ad
720 3003 875 3074 Bospoibm;
921 3006 1170 3062 einbmcdiocribus
1183 3006 1269 3062 fluviis
1277 3022 1399 3058 satorum
1410 3004 1478 3058 mole
1485 3005 1601 3074 primum
1615 3017 1701 3060 reten-

107 3091 263 3156 pratermitto
278 3087 395 3157 reliquos
416 3089 524 3160 triplicis
544 3087 616 3140 orbis
637 3088 742 3153 limites,
763 3093 876 3143 Pontum
921 3097 963 3158 tis,
974 3093 1123 3164 deindepcr
1133 3092 1406 3158 fossasdirisileuot
1416 3093 1442 3143 in
1454 3091 1537 3146 Gallia
1547 3092 1702 3146 delitescunt

108 3177 242 3236 Euxinum,
260 3191 336 3226 mare
350 3175 498 3238 internum,
510 3175 631 3238 Turesim,
643 3174 747 3238 Nilum,
764 3193 876 3246 quorum
922 3181 1048 3244 domina,
1058 3196 1117 3249 quae
1125 3181 1147 3232 si
1156 3197 1202 3249 per
1210 3195 1301 3230 menas
1310 3175 1423 3229 mediam
1435 3188 1592 3246 occupantes
1601 3189 1702 3248 partem

109 3259 182 3312 nullus
202 3269 298 3311 contra
313 3259 399 3311 hosio*
417 3269 471 3311 lom
491 3270 561 3312 lutus
575 3277 654 3328 (tuam
671 3259 810 3330 anporus.
833 3261 877 3314 llio
921 3269 994 3322 orbis
1006 3268 1160 3330 transirent,
1172 3284 1226 3318 non
1235 3264 1394 3318 mediocrem
1408 3266 1495 3318 arenis
1505 3263 1701 3318 sumunditatem

109 3348 168 3398 mim
187 3348 267 3400 maria
293 3346 416 3398 latissime
430 3355 536 3416 pateot3
551 3347 647 3398 Tanais
661 3346 720 3415 gelu
738 3361 877 3400 concretus
922 3353 1230 3422 darentPBosporussua
1238 3349 1496 3418 dulcedincpiscium
1507 3349 1701 3404 multitudinem

109 3451 166 3501 pons
177 3445 213 3486 est
233 3433 427 3496 barbarorum
451 3433 525 3484 Nilus
544 3433 710 3502 longissimus
720 3452 806 3498 „uno
821 3435 879 3488 loco
922 3439 1027 3492 Niliacis
1040 3438 1126 3490 aronis
1137 3437 1344 3489 numerosiorem
1356 3435 1410 3498 alit,
1422 3453 1476 3487 non
1486 3434 1567 3488 modo
1577 3453 1629 3488 ase
1641 3454 1702 3506 pro-

109 3517 256 3584 imtoditus,
282 3519 394 3572 infinitis
418 3517 480 3570 locis
498 3518 600 3571 transiri
624 3529 724 3590 potest;
749 3519 880 3590 bosporus
922 3537 1087 3588 creatorum,
1100 3523 1232 3576 sedetiam
1246 3522 1499 3590 sbutroquc.mari;
1513 3531 1569 3573 tum
1586 3521 1703 3576 melliset

110 3605 232 3656 unaclavc
252 3603 325 3656 duos
348 3603 435 3666 orlm,
455 3602 510 3655 duo
530 3604 612 3656 maria
631 3605 714 3675 aperit
732 3615 758 3657 et
771 3603 877 3660 claudit.
923 3627 1003 3674 cerae,
1023 3609 1147 3662 frumenti
1167 3607 1262 3660 etvini
1281 3615 1478 3674 ceterarumque
1495 3623 1584 3662 rerunt
1600 3608 1703 3676 copiam

111 3690 210 3742 Piscium
224 3689 303 3760 eopia
315 3689 416 3742 excedit
428 3688 559 3752 Massilia,
576 3689 737 3752 Tarentum,
756 3691 876 3752 Venetia.
923 3695 1032 3763 largitur
1042 3711 1096 3746 nou
1108 3691 1189 3746 modo
1198 3691 1371 3760 Bosporanis,
1384 3688 1430 3740 sed
1445 3691 1522 3742 etiam
1535 3689 1643 3765 inlicitis
1656 3709 1703 3744 na-

111 3775 147 3826 scd
158 3777 241 3828 omnia
261 3784 371 3844 superat
388 3773 534 3845 Bosporus,
547 3793 602 3844 quo
620 3775 690 3828 velut
710 3793 757 3846 per
777 3787 878 3846 portam
923 3781 1040 3834 tionibus
1052 3779 1215 3848 longinquis,
1233 3786 1311 3845 atque
1326 3773 1393 3825 atleo
1405 3775 1454 3844 ipsi
1466 3775 1526 3827 Nilo
1543 3775 1704 3846 Egyptoque

112 3860 209 3930 duplicis
221 3864 304 3914 maris
315 3864 398 3932 pisces
413 3863 522 3914 transire
535 3861 619 3914 solent
632 3872 760 3914 autumno
771 3874 797 3916 et
809 3881 876 3922 rere.
923 3865 1054 3936 permulta
1065 3862 1223 3934 impertitur.
1236 3863 1299 3913 lure
1316 3860 1396 3926 igitur
1408 3861 1542 3930 Bosporus
1552 3861 1628 3928 ruho
1641 3861 1705 3912 dici·

112 3957 155 3998 tarn
163 3959 227 3998 certa
235 3947 293 4016 lege
302 3957 401 3998 naturae
410 3965 490 4016 quarn
499 3947 583 4000 solent
592 3965 668 4016 grues
680 3947 720 4000 bis
734 3951 875 4017 quotannis
924 3961 968 4004 tur
979 3960 1220 4008 autumnoaureus‚
1235 3963 1295 3996 vere
1305 3953 1456 4011 argenteus,
1470 3945 1565 3996 rectius
1573 3944 1703 4014 appellan-

113 4034 231 4085 internum
249 4051 324 4086 marc
338 4034 489 4103 pervolare,
511 4039 633 4106 tantaque
654 4033 834 4098 multitudine,
850 4047 878 4088 ut
924 4037 974 4090 dus
989 4034 1182 4107 Chrysorrhoas
1191 4051 1270 4103 quam
1280 4030 1624 4102 quisquamalius,ctiao1si
1637 4042 1705 4085 esset

114 4118 292 4188 primocuique
307 4136 432 4186 magnum
456 4120 567 4188 piscium
586 4137 727 4172 numerum
746 4137 838 4189 capere
855 4131 878 4172 et
924 4122 1117 4195 Chrysorrhoas
1134 4122 1320 4172 Damasoenus.
1345 4115 1395 4166 Hic
1407 4117 1477 4168 enim
1494 4117 1571 4168 nnius
1585 4118 1705 4171 Damud

115 4203 179 4254 larii-c
191 4203 280 4268 liceat,
294 4221 381 4272 neque
396 4203 475 4255 modo
491 4204 524 4256 ab
540 4189 727 4274 usu'piseandi
748 4205 878 4268 instructi,
923 4202 1234 4274 agrosirrigatduntaxat,
1244 4200 1438 4272 pratereanihil
1448 4199 1702 4267 lert,innavigabilis.

115 4286 232 4340 sedetiam
247 4290 330 4340 totins
344 4289 493 4359 piscationis
506 4287 585 4340 rudes
597 4299 675 4358 atque
688 4288 754 4340 adeo
768 4290 841 4360 pueri
854 4300 879 4342 et
923 4296 983 4346 Jam
1002 4292 1133 4362 quispiam
1151 4289 1245 4342 ciclum
1260 4289 1367 4360 Bospori
1382 4285 1519 4340 damnabit
1537 4295 1566 4337 ut
1583 4284 1706 4356 caligino-

116 4367 214 4426 lomina
230 4392 324 4444 capere
345 4376 446 4444 possint
468 4375 541 4428 dorni
561 4373 708 4428 desidentes
720 4393 750 4428 ex
768 4374 880 4428 fenestra
924 4394 999 4442 suin,
1013 4375 1233 4446 Apolloniumque
1250 4377 1336 4441 (Arg.
1360 4391 1391 4438 1,
1413 4374 1496 4438 ¹1¹4)
1516 4370 1620 4434 sileret,
1643 4390 1705 4425 curn

116 4457 207 4512 calathis
218 4459 350 4523 demissis,
363 4461 501 4530 hamisque
519 4461 552 4514 ab
572 4479 630 4514 esca
647 4460 725 4514 nudis
741 4461 818 4513 etiam
834 4462 880 4514 im·
925 4464 1018 4519 scribit
1029 4467 1235 4532 Argonautnsex
1248 4459 1300 4513 alta
1316 4461 1420 4532 specula
1438 4458 1528 4510 insuta
1541 4458 1627 4527 Cyzici
1644 4476 1706 4530 pro·

118 4548 181 4613 periti
193 4547 308 4617 piscandi
321 4545 463 4617 petamidss
476 4547 579 4618 capiam
591 4558 631 4600 tot
647 4560 673 4600 et
686 4550 879 4612 transuenti
925 4551 1039 4622 spexisse
1055 4539 1143 4618 ἠερόιν
1160 4538 1246 4612 στόμα
1266 4539 1402 4614 Βοσπόρου
1425 4528 1492 4612 (οἷον
1514 4536 1626 4612 septies<
1646 4535 1704 4606 ἤτοι

119 4631 210 4684 Gracia
220 4631 352 4686 sufficiant
364 4633 473 4702 aliisque
485 4631 645 4688 nationibus.
656 4635 689 4686 Et
702 4651 734 4686 ne
744 4651 879 4686 numerem
925 4627 1071 4706 δμιχλῶδις
1086 4633 1184 4702 [Sedet.
1194 4633 1203 4702 ]
1213 4636 1233 4701 ).
1246 4631 1277 4684 ld
1291 4634 1362 4686 enim
1374 4651 1428 4684 non
1446 4649 1478 4684 ex
1494 4630 1628 4701 Bosporici
1647 4631 1706 4684 cosli

120 4717 207 4772 infinita
217 4737 311 4788 genera
325 4720 447 4790 piscium,
463 4727 502 4771 tot
523 4719 630 4786 gregalis
649 4722 750 4788 generis
764 4721 879 4790 capiunt,
926 4732 1035 4785 natura,
1056 4719 1102 4772 sed
1113 4718 1234 4788 exlongo
1250 4718 1386 4772 intervallo
1401 4716 1512 4779 accidit,
1526 4733 1580 4785 quo
1593 4716 1706 4785 amplius

120 4817 210 4858 utnon
228 4809 275 4860 reti
295 4806 427 4877 permulta
449 4807 551 4876 navigia
568 4807 702 4877 impleant.
729 4809 881 4860 Ostrearum
926 4808 1057 4876 octoginta
1075 4805 1154 4857 millis
1175 4820 1299 4873 passittm
1318 4821 1334 4855 a
1354 4804 1448 4872 Cyrico
1469 4801 1542 4855 diest
1564 4801 1703 4870 Hosponts.

122 4891 220 4946 bonitate
229 4893 410 4946 excellentium
429 4903 527 4944 tantam
544 4891 738 4944 multitudinem
750 4911 811 4944 cum
826 4892 881 4945 aliis
927 4895 998 4945 Loca
1021 4891 1092 4943 enim
1110 4889 1267 4958 longinqua,
1282 4889 1329 4941 etsi
1349 4888 1407 4940 coeli
1427 4897 1519 4939 natura
1535 4883 1623 4938 lucida
1642 4887 1705 4950 sint,

34 4999 39 5012 ·
123 4979 265 5047 temporibus
273 4978 382 5046 largitur
395 4979 543 5048 Bosporus,
559 4987 614 5030 turn
629 4979 768 5030 inanimam
781 4988 881 5048 tempo·
927 4987 1015 5030 tamen
1032 4994 1065 5028 ex
1083 4974 1228 5044 longinquo
1245 4973 1381 5026 intervallo
1398 4981 1534 5043 prospecta
1549 4970 1708 5022 oliscuravi·

124 5058 183 5111 ribus
208 5063 300 5132 quibus
317 5081 364 5134 per
378 5062 445 5130 leges
459 5062 543 5114 Giaect
566 5063 634 5114 vesci
654 5081 708 5116 non
728 5063 811 5115 solent
830 5065 879 5133 pis·
928 5063 1035 5116 dentur.
1047 5063 1106 5115 Erit
1116 5061 1254 5130 alius,qui
1270 5079 1323 5113 noo
1338 5059 1458 5131 probabit
1471 5057 1578 5126 Bospori
1592 5074 1660 5118 oras,
1676 5067 1707 5110 ut

126 5145 187 5198 tibus
198 5151 325 5218 sanguinis
343 5148 531 5220 participibus,
544 5159 574 5201 ut
588 5149 705 5218 quotidie
727 5149 814 5201 videas
829 5149 883 5202 lora
927 5167 1031 5220 asperas
1043 5159 1070 5201 et
1080 5148 1156 5218 plane
1166 5147 1320 5211 Tlirncicas;
1330 5157 1358 5199 at
1369 5146 1409 5198 har
1424 5145 1480 5197 miti
1492 5145 1641 5196 ntnoeuitate
1650 5161 1706 5196 (ψ

128 5231 195 5284 multa
207 5233 349 5288 redundare
365 5245 509 5288 ostrearum
523 5235 620 5286 acervis
634 5246 660 5288 et
671 5237 798 5288 amiarum
814 5236 882 5304 igno
930 5232 1334 5288 tantnonsolumcumomnibus
1343 5229 1567 5291 mai-islittorilnis,
1576 5227 1706 5282 sedetiam

1567 5329 1588 5380 b
