3884 5925
300 457 339 508 53
568 479 573 486 ·
912 441 1088 503 ntoutstt
1109 444 1291 506 stztsrtt

293 577 357 633 dum
368 577 477 640 excelsa,
486 575 689 647 circumpecrat
697 585 722 627 et
729 574 860 646 perrnulto
870 573 937 626 muri
950 573 1074 637 illustris,
1119 594 1173 647 quo
1187 578 1265 647 piscis
1284 576 1419 638 ὃείιιιανίιςν
1441 576 1584 648 appellatur
1596 577 1631 630 ab
1643 578 1765 632 Atheneo
1778 599 1877 638 commc-

294 663 332 717 ud
341 664 452 718 sulutem
461 661 642 728 nauigantium
651 659 777 715 excitata.
795 662 910 730 Utraque
918 657 987 710 mim
996 658 1076 711 Pontt'
1118 673 1237 716 moratus
1251 663 1291 735 (ls
1307 663 1390 734 qualia
1405 665 1452 727 sit,
1464 664 1492 715 in
1506 665 1602 716 nostris
1615 665 1798 734 piscationibus
1809 670 1877 722 insor-

292 767 358 822 pars
368 760 438 804 curet
446 747 576 820 portubus
585 763 661 798 naves
671 743 870 816 excipientibus.
908 747 980 798 Num
994 736 1076 796 muris
1119 749 1259 820 mabitur).
1296 749 1363 803 Inde
1386 748 1491 802 rediens
1512 749 1546 801 ad
1570 751 1705 820 Cyaneas,
1726 752 1778 804 vidi
1801 772 1877 807 narem

295 836 410 890 medati
418 848 444 888 et
458 833 601 887 turbulenti
611 833 688 884 littus
703 831 805 898 longum
819 831 846 884 in
856 841 974 884 ncrrtrnm
990 831 1075 884 conti·
1118 837 1194 904 nigra
1207 836 1317 906 caligine
1330 836 1408 889 Ponti
1419 835 1584 888 aberrantem
1600 836 1637 888 ob
1654 837 1723 888 ostio
1742 839 1841 908 ίίοογιοινΙ
1856 843 1877 894 in

293 935 393 978 nentem
399 921 527 992 flexiones
536 919 627 973 hahet.
667 921 712 970 Ex
725 918 773 970 hnc
788 917 940 986 turresaces
955 916 1075 968 uultntes
1118 922 1190 975 littus
1213 925 1419 993 importuosum,
1435 922 1603 993 aquilonibus
1623 922 1770 993 impulsam,
1789 926 1875 990 collidi,

293 1019 371 1061 noctu
392 1006 502 1060 sublate
520 1003 728 1078 proferebantur,
755 1013 830 1054 recte
852 1002 904 1056 vt'ae
934 1002 973 1054 ud
995 1002 1076 1054 Ponti
1119 1008 1310 1078 naufragosque
1332 1026 1423 1062 omnes
1444 1019 1561 1062 rectores
1581 1009 1726 1062 incolumes
1746 1021 1839 1064 enatare
1855 1016 1876 1065 in

283 1092 388 1144 ostrum
413 1091 497 1144 duces.
534 1094 575 1142 At
599 1088 707 1141 tartari
735 1106 855 1140 verorum
871 1086 979 1155 surium
992 1087 1073 1156 fidem
1117 1094 1203 1156 tinus,
1225 1095 1391 1164 Thracesque
1416 1093 1517 1146 accolas
1530 1112 1619 1170 'opem
1646 1093 1775 1164 naufragis
1791 1096 1876 1152 ferrea

291 1173 849 1247 auferebant,prntendeutesexSalmydesst'
857 1172 992 1226 littoribus
994 1172 1074 1241 frou
1117 1178 1256 1251 praedaque
1276 1198 1304 1232 se
1315 1179 1459 1258 abstinere,
1475 1181 1529 1232 sive
1548 1179 1610 1232 olim
1630 1179 1707 1248 longa
1720 1182 1822 1233 Romani
1838 1184 1876 1236 im.

292 1261 514 1332 duleutussuces,
536 1273 566 1313 ut
584 1261 610 1313 iu
625 1279 732 1312 errorem
747 1271 845 1312 nurttns
860 1259 1025 1323 inducerent,
1046 1259 1074 1312 iu
1118 1267 1183 1336 perii
1206 1264 1395 1318 consuetudine
1417 1264 1625 1329 mansuefactos,
1654 1266 1708 1317 sive
1731 1283 1799 1318 nunc
1818 1285 1875 1320 0001.

290 1349 482 1420 naufragioque
502 1346 680 1402 subducerent.
720 1350 773 1399 θνα
791 1347 859 1400 cuim
874 1347 1010 1400 rnnritt'ma
1025 1348 1073 1400 im·
1117 1352 1182 1402 citos
1202 1351 1295 1403 acerba
1315 1351 1451 1402 severitate
1470 1333 1675 1403 dominantium.
1713 1351 1752 1402 Ex
1780 1350 1872 1404 antedi.

286 1448 415 1509 portuosa
434 1446 489 1496 est,
501 1445 527 1485 et
539 1432 620 1486 maris
637 1432 732 1484 undum
745 1433 777 1484 oh
795 1451 926 1485 excessum
944 1449 1073 1503 uquarum
1116 1439 1165 1489 ctis
1178 1436 1233 1506 jam
1252 1437 1345 1507 liquet,
1361 1437 1475 1507 pharum
1494 1438 1631 1507 antiquam
1644 1437 1707 1490 ostii
1728 1440 1820 1490 Pontici
1832 1458 1874 1492 non

289 1523 394 1575 ancoris
407 1540 457 1574 nou
480 1538 582 1582 rrmum,
598 1531 756 1591 etpumtum
769 1519 821 1584 his,
835 1519 882 1590 qui
891 1519 1074 1572 uhermrunta
1116 1523 1152 1575 ibi
1175 1523 1267 1586 luisse,
1287 1523 1331 1590 ubi
1346 1541 1417 1576 nunc
1441 1532 1480 1573 est
1498 1520 1574 1591 juxta
1589 1523 1706 1592 Cyaneas
1723 1533 1816 1592 petras,
1833 1525 1874 1576 imo

289 1620 360 1661 rectu
370 1608 426 1670 viu,
436 1606 616 1675 naufragium,
626 1605 711 1672 siguis
719 1606 789 1662 veris
802 1605 985 1674 coususlrcum
986 1604 1072 1674 falsis
1116 1609 1192 1677 longe
1216 1609 1325 1660 interius
1351 1609 1378 1660 in
1402 1625 1507 1660 summo
1524 1609 1622 1660 montis
1645 1609 1782 1661 emittentis
1800 1609 1873 1662 collem

288 1695 536 1765 significationibus.
554 1695 615 1745 lunt
627 1711 687 1744 vero
699 1692 829 1746 lucernum
841 1691 959 1746 extinxit
969 1705 1071 1763 tempus
1116 1695 1180 1747 Fani
1193 1695 1297 1758 vertice,
1308 1695 1440 1746 eminente
1448 1711 1527 1763 supra
1538 1694 1641 1758 vallem,
1654 1712 1703 1765 per
1715 1695 1874 1764 quamdelluit

288 1780 377 1834 omnin
387 1796 546 1840 consumens,
560 1789 585 1829 et
597 1777 692 1830 turrim
702 1795 797 1844 niagno
810 1796 844 1830 er
851 1776 1070 1849 purteslt'ssolur't.
1115 1779 1310 1849 Chrysorrhoas
1326 1780 1438 1843 fluvius,
1454 1777 1526 1831 unde
1538 1779 1615 1848 longe
1629 1779 1732 1850 lateque
1747 1791 1810 1850 patet
1819 1783 1873 1834 Pon

324 1870 365 1923 Ex
388 1867 428 1920 his
450 1866 570 1936 Dionysii
591 1865 677 1918 verbis
692 1883 753 1918 cum
775 1876 860 1918 cetera
884 1865 961 1917 Ponti
983 1863 1071 1916 littora
1116 1875 1157 1916 tus
1175 1876 1201 1916 et
1227 1867 1360 1934 Bosporus
1385 1874 1412 1916 et
1434 1865 1575 1934 Propontis
1595 1874 1623 1917 et
1646 1866 1871 1935 Constantinopolis.

288 1954 463 2022 assequimur,
476 1962 533 2004 tum
545 1951 658 2003 maxime
674 1949 827 2020 Salmydessi
842 1967 897 2002 esse
909 1950 1070 2019 importuosa
1116 1952 1202 2002 [netis
1210 1951 1281 2002 enim
1291 1948 1458 2004 commodior
1469 1966 1554 2018 neque
1565 1951 1649 2002 tutior
1658 1948 1737 2002 luisse
1749 1949 1838 2002 ridetur
1846 1949 1872 2002 ad

286 2040 454 2109 Thracesque
477 2036 674 2105 naufragiorum
696 2035 936 2107 depredationibus
957 2037 1071 2088 maxime
1115 2037 1227 2106 pharum
1241 2035 1402 2088 efferendam
1422 2037 1545 2089 in'altum
1558 2054 1639 2106 quam
1655 2036 1872 2090 hicomnibusrer·

287 2124 391 2179 deditos
408 2141 473 2176 asse.
512 2123 639 2192 Dionysio
660 2123 790 2174 consentit
801 2120 1068 2191 Xenophon(nuab.
1115 2122 1209 2174 ticibus
1224 2123 1382 2192 Bosporanis
1403 2121 1538 2185 excelsior,
1565 2123 1668 2174 vicinus
1686 2124 1871 2192 Fanofruopaa

288 2229 314 2281 7,
329 2210 374 2282 5),
388 2227 447 2262 cum
464 2211 502 2261 ait
512 2209 672 2262 Grecorum
680 2209 841 2271 exercitum,
857 2205 933 2275 cujus
945 2208 1000 2279 ipse
1013 2205 1068 2259 dus
1113 2208 1163 2260 sub
1176 2210 1261 2278 ipsum
1275 2207 1407 2277 subjecto,
1419 2207 1492 2260 unde
1502 2206 1608 2260 delendi
1625 2218 1728 2278 poterat
1735 2219 1815 2260 contra
1826 2209 1871 2260 bar·

287 2307 365 2361 esset,
374 2297 510 2348 accessisse
524 2293 557 2348 ad
570 2295 755 2363 'ibraces‚qui
768 2293 887 2346 incolunt
898 2292 973 2345 Delta
986 2293 1070 2360 reglo-
1114 2293 1191 2346 baros
1204 2295 1291 2346 hostes
1306 2295 1399 2364 phari,
1414 2310 1494 2363 quarn
1515 2311 1599 2364 prope
1618 2295 1721 2346 Fanum
1734 2293 1791 2346 olim
1811 2294 1871 2362 inice

286 2400 347 2435 nem
370 2384 445 2434 sitam
466 2398 546 2451 supra
564 2381 738 2449 Byzantium
759 2376 855 2431 deinde
873 2376 1066 2448 Salmydessum
1114 2379 1284 2431 Philostratus
1299 2379 1361 2450 (Im.
1376 2396 1399 2443 t,
1415 2381 1459 2447 ta)
1469 2379 1610 2447 significat,
1625 2379 1870 2450 atqueadeoostendit

285 2468 449 2538 pervenisse3
468 2464 503 2517 ad
523 2483 553 2518 ea
566 2465 654 2517 littora
678 2482 693 2516 e
713 2464 779 2516 mari
802 2465 829 2516 in
844 2463 934 2515 brevia
948 2472 981 2514 'et
994 2465 1067 2532 quasi
1113 2482 1231 2535 expressa
1241 2466 1353 2536 pictura,
1366 2464 1503 2534 quamsub
1511 2465 1601 2516 oculos
1615 2464 1870 2534 posteasuhjicinnus,

285 2553 404 2606 aestuaria
426 2549 545 2622 quadam
563 2550 688 2619 impactas
707 2566 786 2602 nares
809 2545 1016 2622 quamplurimas
1039 2549 1067 2600 in
1112 2569 1174 2603 cum
1187 2551 1220 2603 ad
1235 2553 1336 2603 Fanum
1345 2551 1418 2604 Jovis
1431 2552 1613 2621 perveniemus
1626 2567 1634 2602 :
1649 2561 1695 2604 aut
1704 2553 1725 2603 si
1736 2551 1821 2621 pharus
1829 2569 1869 2602 nou

284 2641 399 2693 Pontum
424 2637 557 2688 venientes
586 2635 684 2704 frangi,
705 2650 800 2703 easque
819 2633 934 2685 Thracas
957 2625 1067 2702 predari
1112 2638 1197 2689 extitit
1211 2638 1237 2688 in
1253 2638 1350 2688 vertice
1366 2635 1440 2688 collis
1453 2637 1585 2688 eminente
1597 2652 1680 2706 supra
1692 2635 1757 2688 latus
1768 2636 1869 2688 meridia·

283 2725 374 2777 divisis
389 2725 457 2777 inter
470 2741 498 2774 se
511 2721 661 2784 littoribus,
677 2720 859 2772 columnarum
873 2720 1005 2789 positione
1019 2737 1065 2789 pcr
1112 2741 1177 2775 num
1198 2723 1271 2776 vallis
1293 2723 1496 2793 Chrysorrhoas,
1516 2732 1587 2774 certe
1605 2724 1719 2776 eminuit
1737 2740 1807 2794 supra
1818 2723 1869 2774 latus

284 2809 416 2862 intervalla
428 2817 585 2860 erectarum·
623 2803 880 2875 Namflssteqlfflmid
894 2803 984 2868 fimi,
997 2805 1066 2856 iulet·
1111 2813 1218 2880 cingens
1234 2811 1354 2864 eamdem
1378 2809 1468 2862 vallem
1486 2827 1501 2861 a
1516 2811 1754 2880 septentrionibus,
1767 2810 1834 2880 idque
1844 2829 1867 2861 er

283 2914 328 2948 eos
346 2894 381 2947 de
401 2892 487 2966 praeda
503 2892 585 2946 caedes
609 2891 729 2964 plurimae
749 2891 855 2943 ticbunt.
893 2888 1024 2960 Equidem
1051 2908 1066 2942 a
1112 2894 1151 2945 his
1176 2911 1235 2964 qure
1256 2905 1346 2965 postca
1366 2892 1442 2945 all'crt
1465 2893 1624 2964 Dionysius,
1648 2891 1792 2962 conjectura
1814 2909 1866 2943 asse·

284 2986 405 3053 Bosporo
423 2979 495 3033 obiri
509 2978 620 3049 pedibus
634 2976 668 3029 ad
689 2976 879 3047 Salmydessum
893 2994 967 3029 uram
989 2978 1064 3029 Ponti
1111 2981 1228 3050 quimur.

283 3070 487 3137 importuosum,
501 3064 577 3131 longe
591 3063 694 3133 lateque
707 3073 822 3132 apertam
843 3061 1065 3131 septentrionibus

233 3206 240 3215 ,
284 3152 382 3213 ventis;
399 3152 425 3202 in
440 3147 528 3201 medio
540 3150 634 3200 itinere
646 3146 699 3199 ridi
711 3146 798 3199 locum
815 3163 894 3216 quem
914 3146 1064 3215 Xenophon

281 3237 391 3309 appellat
405 3236 493 3299 Delta,
516 3235 594 3287 ceteri
612 3234 753 3303 scriptores
774 3232 873 3285 Dclcon
895 3234 950 3285 sive
971 3233 1064 3285 Delco·
1144 3233 1212 3293 nis,
1237 3232 1339 3301 inquit,
1361 3243 1422 3284 unte
1446 3231 1655 3297 commemoratis
1679 3230 1740 3284 Iocis
1750 3230 1865 3301 proximu

282 3343 359 3387 ncm;
374 3322 454 3377 hodic
464 3322 603 3374 nominant
614 3324 731 3381 Dercou,·
745 3317 773 3371 id
785 3304 912 3389 oppidum
926 3328 981 3382 est,
991 3318 1064 3389 quod
1108 3318 1224 3370 srccccdit
1238 3319 1404 3390 Phosphorus
1413 3319 1511 3380 lecim,
1524 3318 1571 3389 qui
1582 3319 1626 3370 uel
1635 3337 1654 3370 n
1668 3317 1753 3370 Dierna
1765 3316 1803 3369 rel
1811 3335 1825 3366 u
1834 3315 1864 3366 ri·

280 3410 315 3462 ab
325 3407 390 3461 urbe
401 3407 525 3477 Byzantio
539 3405 612 3458 abest
630 3406 681 3457 iter
697 3403 817 3474 pedestre
830 3405 908 3455 unius
922 3403 985 3456 diei.
1023 3405 1064 3456 Ex
1107 3404 1169 3456 cina
1183 3404 1530 3476 untiquuphumcognomen
1545 3404 1644 3457 trusit.
1660 3402 1864 3471 Ilut'cudjunrtrm

282 3496 366 3548 trihus
378 3474 499 3567 partibus
509 3492 641 3545 clauditur
655 3490 713 3543 lacu
724 3489 810 3553 dulci,
824 3492 873 3541 nisi
888 3506 949 3542 cum
964 3500 1064 3560 tempe·
1108 3499 1134 3539 rt
1147 3488 1280 3540 continens
1294 3489 1397 3554 longrrm
1412 3489 1489 3541 littus
1496 3479 1626 3541 'socruum
1641 3501 1651 3525 ²
1666 3488 1823 3561 Ephesiorum
1834 3496 1864 3535 est

281 3580 392 3633 statibus
402 3596 474 3631 mare
490 3578 627 3631 incitatum
638 3577 734 3644 exiguo
749 3576 842 3645 euripo
859 3575 1027 3638 inuentum
1047 3593 1062 3627 a
1103 3587 1214 3647 porum,
1226 3594 1243 3627 n
1262 3576 1353 3627 mrrltt's
1366 3577 1481 3628 mutuus
1497 3576 1672 3647 Ephesiorum
1689 3576 1736 3627 huc
1754 3573 1861 3645 appulsis,

1441 3100 1491 3157 Fr.
1513 3107 1563 3158 49.

1567 3707 1857 3725 ᾧ

293 3820 296 3825 -
314 3787 359 3837 Fr.
382 3782 425 3836 58.
449 3799 473 3835 t.
498 3780 540 3835 hd
559 3781 698 3842 Timaeam,
719 3779 795 3848 γάρον
816 3779 957 3847 περίοπτον,
979 3779 1058 3829 etiarn
1106 3780 1278 3841 Muummolo,
1293 3779 1339 3831 ubi
1356 3790 1445 3849 postea
1459 3780 1649 3832 monasterium
1661 3775 1774 3840 erat,de
1783 3791 1828 3843 quo
1841 3790 1860 3823 r.

278 3864 363 3915 vicum
382 3861 459 3914 luisse
472 3862 517 3929 qui
533 3860 637 3911 stationi
656 3858 743 3910 locum
766 3857 907 3926 pruhcrct,
928 3856 1023 3922 colligo
1043 3874 1058 3907 e
1106 3859 1262 3909 Hammerus
1280 3858 1297 3910 l.
1314 3857 1333 3912 l.
1351 3874 1381 3921 a,
1399 3877 1426 3928 p.
1444 3857 1505 3910 265.
1527 3853 1757 3925 Quemadmodum
1770 3852 1860 3903 Dianam

277 3942 376 3994 Tabula
397 3928 611 4007 Peutingeriana,
626 3939 654 3989 in
673 3954 724 4006 qua
748 3935 853 3989 Thimea
868 3936 970 4001 (sic)a
987 3936 1058 4003 Syris
1106 3934 1254 3987 Luciferam
1268 3937 1426 3988 inlrIauram
1442 3935 1535 3987 abiisse
1548 3951 1628 4004 supra
1642 3932 1685 4003 (p.
1699 3928 1859 3999 ttyudtmn,

276 4018 417 4073 duodecim
430 4037 465 4071 m.
481 4037 520 4089 p.,
540 4016 655 4070 aPhilia
672 4016 761 4083 uiginti
784 4031 861 4083 m.p.
876 4012 964 4063 distat.
991 4016 1058 4077 Qum
1104 4012 1222 4065 similiter
1233 4024 1322 4065 noster
1339 4013 1438 4065 locuse
1454 4008 1796 4082 pospdpqevaseritpzupdc.
1812 4007 1860 4070 tl·-

277 4098 384 4169 quidem
394 4098 523 4149 distautlae
531 4095 603 4164 justo
617 4095 732 4146 minores
745 4102 823 4154 sunt,
839 4108 921 4160 quum
942 4090 1059 4141 vellium
1105 4106 1130 4141 a.
1144 4093 1282 4161 sucatum]
1295 4092 1387 4143 latina
1402 4089 1521 4143 lalmrare
1536 4088 1686 4151 videantur,
1701 4103 1777 4157 quum
1783 4094 1859 4154 portus

277 4188 372 4231 rectae
389 4176 471 4229 Philia
491 4174 523 4227 ad
538 4176 616 4243 Sycas
630 4171 709 4224 ducta
725 4167 915 4239 longitudinem
931 4169 963 4219 32
980 4185 1017 4219 m.
1028 4184 1056 4237 p.
1104 4186 1200 4221 nomen
1217 4170 1244 4222 in
1260 4172 1344 4240 ipsum
1357 4170 1418 4222 litus
1431 4169 1623 4239 importuosum
1638 4184 1693 4220 non
1708 4163 1785 4217 cadat.
1799 4162 1824 4211 ht
1834 4176 1859 4209 ne

275 4252 393 4307 excedat.
408 4257 430 4307 Α
445 4253 522 4316 locis,
537 4251 583 4303 ubi
598 4250 696 4321 pharus
710 4247 752 4300 illa
770 4246 834 4309 suit,
847 4245 881 4299 ad
893 4248 970 4316 Sycns
991 4243 1058 4298 linea
1103 4247 1168 4315 quid
1182 4258 1229 4300 aut
1239 4250 1266 4300 in
1282 4249 1371 4316 grecis
1384 4258 1539 4320 corruptum
1553 4245 1632 4297 luisse
1644 4254 1690 4297 aut
1702 4262 1717 4295 a
1729 4240 1806 4310 Gyllio
1816 4254 1858 4289 nou

276 4342 347 4385 recta
362 4333 466 4385 circiter
480 4347 534 4394 tto,
543 4328 626 4382 stadia
636 4336 835 4396 computantur,
846 4342 895 4395 pro
906 4324 1003 4393 quihus
1008 4325 1059 4376 Ta·
1102 4336 1171 4378 recte
1181 4344 1285 4379 versum
1295 4344 1350 4378 esse
1361 4337 1498 4396 putemus,
1513 4324 1569 4378 aliis
1582 4324 1647 4375 locis
1655 4320 1803 4392 impedimur
1811 4316 1857 4385 qui·

276 4410 335 4463 bula
354 4414 428 4465 Peut.
443 4408 548 4461 nonnisi
568 4412 602 4475 96
620 4403 704 4457 stadia
721 4402 842 4465 exhibet,
855 4400 960 4464 scribae,
979 4400 1059 4453 utri·
1102 4408 1152 4461 bus
1172 4415 1334 4459 memoratur
1356 4404 1420 4457 mm
1435 4404 1546 4474 planum
1568 4400 1639 4472 quod
1656 4411 1762 4455 mem
1779 4391 1857 4447 Phrixi

275 4489 362 4553 detur,
385 4505 484 4541 errore·
502 4490 533 4539 In
554 4487 659 4554 regione
681 4482 784 4537 Timere
802 4481 886 4552 pharo
907 4482 1056 4551 propinqua
1097 4499 1193 4559 portus
1211 4484 1256 4552 (tr.
1274 4485 1325 4549 63)
1340 4495 1367 4535 et
1385 4482 1504 4535 similiter
1519 4481 1585 4533 litus
1599 4477 1763 4533 Pantiehium
1774 4473 1856 4525 dictur

276 4569 367 4620 urbem
372 4565 485 4619 condere
493 4564 575 4617 voluit
584 4564 696 4631 Argivus
706 4559 813 4630 quidam
824 4574 902 4629 quern
911 4557 1056 4627 Hesychius
1101 4568 1113 4633 (
1124 4566 1156 4619 fr,
1167 4567 1200 4617 56
1211 4569 1229 4631 ),
1241 4565 1363 4617 Ceterum
1373 4560 1408 4614 cl.
1421 4560 1567 4630 Hesychius
1576 4558 1691 4611 Milesius
1701 4559 1715 4623 ς
1725 4556 1756 4607 32
1764 4572 1788 4623 p.
1800 4550 1854 4602 152:

280 4646 420 4699 Timrsitm
431 4654 514 4697 voest.
525 4645 647 4696 Ceterum
657 4642 755 4694 Timaea
767 4656 863 4692 nomen
879 4639 957 4690 etiarn
964 4636 1056 4708 oppidi
1101 4645 1284 4714 Κατοιγομιγω
1301 4641 1329 4695 et
1351 4641 1439 4694 τούτου
1450 4642 1506 4708 (sc,
1527 4637 1727 4707 Πρωτομάχω),
1747 4629 1854 4701 Τιμήσιος,

274 4734 330 4776 erat
343 4724 482 4793 bithynici,
496 4719 571 4791 cujus
582 4718 735 4773 Ptolemaeus
748 4717 877 4769 meminit.
1100 4722 1162 4793 ἀνὴρ
1179 4730 1228 4777 τῶν
1242 4721 1267 4774 to
1290 4719 1404 4791 Ἀργείοις
1421 4719 1573 4789 γραφέντων,
1588 4721 1683 4785 πρῶτον
1698 4711 1739 4782 μὲν
1756 4706 1809 4761 rari
1821 4705 1854 4757 r'n

311 4816 336 4853 α.
351 4799 497 4868 legebatur
509 4798 616 4851 Delcorr.
631 4796 672 4851 Cl.
694 4795 840 4865 Hesychius
858 4791 963 4871 Mltoq,
978 4790 1054 4860 λίμνη
1100 4804 1211 4864 Ehem„
1237 4800 1479 4871 „mmmmm
1500 4797 1596 4849 Πόντον
1617 4793 1675 4863 πρὸς
1699 4796 1733 4861 τῷ
1747 4786 1854 4856 λεγομένῳ

275 4877 483 4949 ίίίθυθφόίῦίπῑίίί
497 4874 542 4941 ‘hl
558 4875 666 4946 θρᾴκηί·
684 4874 823 4927 Mbflnffl
836 4872 862 4932 3»
880 4888 907 4943 P·
929 4871 1026 4932 ¹¹8»ss
1046 4886 1053 4923 ἴ
1103 4868 1272 4952 Ἐερεσιάτῃ
1294 4878 1371 4947 (ἔνθα
1390 4876 1449 4931 ποτὲ
1471 4874 1579 4945 Ἐφέσιοι
1599 4872 1709 4932 ἀποικίας
1731 4868 1852 4936 ἀμίαντα,

274 4958 416 5027 utrumn
426 4954 451 5008 n
463 4961 499 5026 τῷ
511 4954 571 5024 unt
586 4959 694 5024 ταινιῶν
708 4952 751 5005 νὺν
764 4951 883 5005 δελκανόν
896 4966 968 5019 suu
983 4947 1054 5017 ἰιννν
1099 4961 1141 5013 ιιι
1162 4960 1234 5013 soto
1254 4957 1395 5025 mosomo
1412 4955 1581 5024 ιιιριιιιιις,
1600 4946 1667 5011 «νοις
1684 4950 1726 5000 ιιι
1743 4940 1854 5003 Βυζαντίον

272 5037 436 5107 ὀνομάζεσθαί
450 5033 498 5086 ἀπο
510 5033 635 5095 Δέλκωνος
652 5035 796 5101 ποταμοῦ...
819 5029 920 5099 Δωρίωο
938 5027 960 5077 δ’
980 5025 1005 5080 {V
1018 5032 1054 5097 τῷ
1098 5038 1238 5104 ὑπήχθησαν
1248 5037 1343 5106 λογίων

273 5116 332 5186 Περὶ
344 5115 436 5185 ἰχθύων
451 5113 494 5167 τὀν
506 5112 591 5165 λιὸίαν
604 5112 664 5183 φησί
677 5111 757 5179 λέγειν
774 5108 840 5170 τινὰς
855 5108 889 5168 ὡς
899 5106 913 5159 h
923 5104 995 5166 οὗτός
1003 5103 1054 5157 ἔστι

271 5201 306 5247 τῶ
319 5194 441 5247 Balacri).
1160 5192 1284 5255 sothim,
1298 5191 1320 5238 ol
1329 5188 1407 5246 scium
1416 5189 1479 5249 ίιρὴν
1487 5187 1555 5237 πόλιν
1564 5184 1684 5242 οἰκήσωσι

294 5250 351 5327 ⁸Fr.
374 5246 468 5343 hph—
490 5290 513 5325 1.
530 5270 695 5341 Phosphorus
716 5268 803 5337 locus]
824 5268 850 5317 Is
871 5264 949 5316 luerit
971 5278 1053 5331 prope
1161 5265 1232 5320 ᾰιιιὴν
1245 5253 1683 5325 θρηικίηνστεννγρὸνιιαράτιστόμα
1699 5240 1807 5303 untur]
