3884 5925
315 651 562 757 metrii
603 650 802 753 item
843 649 1156 755 Juuroms
1197 620 1608 757 ebriosorm

440 874 483 943 IN
509 873 596 956 QUO
620 870 883 942 CONIINE'IUR
906 870 1052 940 IOTIUS
1077 870 1196 941 OIIBIS
1221 869 1477 941 DESCRIPTIO.
1562 918 1570 935 .

755 1123 760 1139 Ι
821 1070 1104 1105 '‘Q—-

121 1261 146 1320 Ᾰ
197 1268 222 1305 ι.
236 1252 298 1303 Post
311 1266 403 1302 omnes
416 1245 682 1315 admonitionesquos
694 1244 742 1298 tihi
755 1242 935 1297 commendari
1021 1246 1046 1299 3.
1068 1244 1147 1299 Unde
1163 1262 1227 1315 ergo
1246 1262 1294 1299 nos
1312 1256 1416 1317 oportet
1427 1246 1541 1316 incipere
1554 1246 1604 1297 nisi
1621 1246 1758 1319 aMoysel

158 1334 194 1387 de
205 1334 293 1387 studio
302 1335 361 1387 vitre
368 1344 437 1397 ture,
452 1333 584 1385 carimime
593 1330 640 1393 lili,
653 1330 779 1400 incipiens
793 1346 864 1382 nunc
877 1329 936 1381 volo
982 1348 1041 1385 nam
1062 1333 1162 1403 priores
1174 1332 1220 1402 qui
1235 1331 1269 1385 de
1286 1332 1327 1385 his
1348 1332 1426 1385 rebus
1443 1332 1556 1385 scribere
1569 1333 1655 1385 conati
1679 1344 1755 1398 sunt,

160 1422 207 1474 tibi
215 1438 345 1491 exponere
360 1419 482 1473 historias
499 1409 624 1489 plurimes
638 1426 665 1469 et
676 1416 856 1480 admirabiles,
871 1432 936 1486 qua·
982 1418 1114 1486 aliquante
1127 1417 1214 1471 dicere
1226 1427 1386 1488 pometum,
1402 1416 1473 1470 solus
1492 1426 1579 1470 autem
1590 1418 1702 1488 Moyses,
1714 1418 1755 1471 di·

161 1523 222 1559 rum
242 1505 351 1576 quidem
368 1505 468 1574 aliquas
486 1503 558 1567 vidi,
580 1512 677 1556 ceteros
697 1520 760 1555 vcro
778 1502 812 1554 ab
826 1502 936 1555 eruditis
984 1501 1045 1553 vino
1065 1502 1160 1571 spiritu
1179 1500 1271 1571 plenus
1291 1500 1443 1553 ludaeoruna
1463 1501 1603 1579 propbeta,
1623 1501 1695 1571 quod
1717 1512 1757 1555 est

159 1589 253 1643 auditu
262 1590 380 1660 percepi,
396 1586 522 1658 quasdam
536 1588 647 1641 lectione
656 1585 748 1641 didici.
782 1588 844 1639 Hoc
857 1588 937 1655 igitur
981 1596 1082 1639 certum
1095 1588 1206 1656 scripsit.
1227 1588 1288 1640 Post
1307 1586 1423 1639 bunede
1436 1588 1614 1657 provinciiset
1632 1590 1756 1658 tempori-

160 1675 281 1726 sensibus
298 1671 522 1744 comprehendens
537 1690 592 1724 non
607 1670 692 1724 solum
712 1670 791 1723 multa
804 1671 877 1723 utilia
892 1689 937 1722 co·
981 1671 1031 1723 hus
1052 1672 1186 1741 sequentia
1208 1671 1278 1722 dixit
1295 1672 1422 1735 Berosus,
1444 1671 1623 1725 Cbnldsaerum
1643 1672 1757 1742 philoso-

159 1758 441 1828 gnosces,sedettuam
451 1776 545 1811 ornare
552 1758 744 1828 sapitiamex
753 1757 935 1826 hujuscemodi
981 1756 1064 1826 phus,
1078 1755 1152 1825 cqjus
1169 1755 1255 1808 literas
1270 1758 1350 1809 secuti
1368 1764 1430 1807 sunt
1444 1757 1601 1819 Manethon,
1622 1757 1758 1827 d'gyptius

161 1861 250 1897 rerum
264 1843 432 1896 varietatibus
443 1843 603 1912 mimo.
627 1844 667 1911 (a)
685 1845 838 1908 Querentes
850 1852 937 1893 autem
981 1843 1121 1914 propbeta,
1136 1852 1162 1895 ct
1176 1841 1345 1912 Apollonius,
1367 1841 1485 1894 similiter
1499 1842 1680 1911 AEgyptiorum
1700 1843 1758 1913 pbi-

160 1928 290 1991 scribere,
300 1926 426 1980 debemus
443 1926 531 1979 dicere
539 1928 656 1997 primum
671 1925 807 1996 quomodo
821 1924 937 1979 mundus
982 1930 1121 1999 Iosephus,
1134 1928 1263 1998 Iosephus
1281 1944 1399 1997 quoque,
1413 1930 1453 1980 vir
1471 1929 1589 1997 sapiens,
1602 1927 1756 1981 ludaeorum

160 2032 177 2066 a
188 2014 239 2066 deo
254 2012 332 2067 luerit
342 2014 489 2077 institutus,
506 2012 673 2082 dehincque
689 2022 778 2081 gentes
795 2012 938 2065 ahmieotc
981 2023 1135 2084 praeceptor,
1156 2014 1202 2081 qui
1216 2021 1306 2082 captus
1325 2030 1340 2065 a
1356 2014 1481 2065 Romanis
1501 2012 1603 2082 scripsit
1616 2012 1755 2065 Iudaicum

162 2099 290 2170 usquead
300 2098 463 2153 occidentem
475 2100 623 2153 mussitate
629 2100 698 2160 sint,
713 2108 773 2168 post
785 2097 836 2149 hoc
841 2107 938 2166 quanta
983 2097 1088 2151 bellum.
1101 2100 1165 2149 Post
1182 2098 1244 2149 istos
1254 2114 1316 2149 vero
1329 2095 1473 2149 Menander
1494 2096 1621 2168 Ephesius
1632 2106 1658 2148 et
1672 2098 1756 2149 Hero·

162 2186 317 2254 sintgeuera
329 2183 516 2248 barbarorum,
527 2182 624 2237 deinde
633 2201 739 2237 omnem
757 2186 937 2237 Romanorum
983 2182 1060 2237 dotus
1069 2192 1094 2236 et
1106 2181 1274 2253 Thucydides
1284 2182 1377 2236 similia
1394 2184 1621 2253 conscripserunt,
1639 2182 1685 2235 sed
1703 2201 1757 2235 non

162 2280 273 2331 taram,
284 2278 349 2337 quot
359 2269 412 2321 sint
420 2269 449 2321 in
457 2269 531 2321 omni
543 2268 811 2339 mundoprorinciae,
826 2268 865 2321 rel
874 2286 938 2339 qua-
983 2265 1057 2321 raldo
1072 2266 1105 2319 de
1118 2267 1239 2335 antiquis.
1277 2265 1309 2317 Et
1323 2265 1378 2317 baec
1389 2265 1496 2335 quIdem
1510 2264 1557 2318 illi.
1602 2267 1658 2333 Ego
1671 2274 1757 2317 autem

162 2353 199 2406 les
209 2355 236 2406 in
245 2354 389 2407 substantia
401 2372 432 2407 ac
444 2364 584 2425 potestate,
597 2371 656 2424 quae
668 2356 784 2407 civitates
794 2356 822 2407 in
831 2355 938 2423 singulis
984 2350 1017 2403 de
1031 2351 1127 2421 quibus
1140 2351 1273 2403 memorati
1287 2351 1463 2421 scripserunt,
1475 2350 1594 2421 experiar
1607 2350 1655 2402 tibi
1671 2348 1757 2402 brevi·

162 2441 303 2510 provinciis
315 2440 470 2505 habeantur,
481 2439 583 2510 etquid
596 2442 623 2492 in
635 2456 793 2509 unaquaque
803 2440 939 2511 provincis
985 2447 1024 2490 ter
1033 2454 1172 2507 exponere.

161 2536 208 2578 aut
222 2525 325 2578 civitate
336 2525 485 2595 possitesse
502 2526 681 2595 praecipuum
700 2524 853 2577 munificum
867 2524 936 2575 enim
1021 2528 1047 2585 l.
1074 2526 1172 2577 Gentes
1196 2522 1270 2592 ajunt
1289 2540 1345 2576 esse
1370 2524 1570 2575 Camarinorum
1590 2523 1618 2573 in
1640 2521 1758 2592 partibus

163 2610 215 2663 boc
226 2628 292 2681 opus
302 2620 329 2663 et
340 2609 487 2663 studiosum
500 2611 566 2663 mibi
577 2628 632 2663 esse
646 2608 757 2665 ridetur.
986 2608 1109 2671 orientis,
1128 2606 1202 2677 cujus
1222 2618 1317 2659 terram
1330 2610 1433 2677 Moyses
1445 2606 1519 2659 Eden
1538 2606 1699 2659 nominando
1713 2606 1758 2658 de·

200 2766 266 2831 Quae
277 2774 430 2835 sequuntur,
444 2765 565 2818 tramlata
576 2774 638 2817 sunt
648 2783 663 2817 e
675 2782 759 2834 graeco
779 2782 857 2834 opere
868 2781 938 2816 nunc
986 2764 996 2831 ΙΙ
1013 2792 1047 2802 -
1061 2764 1136 2832 cujus
1148 2762 1238 2815 literus
1248 2763 1330 2815 secuti
1337 2774 1400 2815 suot
1411 2762 1561 2831 Manethon]
1571 2760 1757 2813 Manethoncm

164 2839 315 2911 deperdito,
329 2841 401 2912 quod
423 2842 531 2912 quidam
555 2842 700 2895 Antiocbiae
717 2841 758 2895 vel
775 2840 937 2896 Alexandriae
983 2839 1087 2893 annales
1106 2857 1166 2893 suos
1179 2842 1310 2909 scripsisse
1330 2840 1393 2893 κατὰ
1410 2841 1513 2910 μίμησιν
1527 2840 1663 2908 qucbccoo
1680 2838 1760 2891 uadit

163 2920 233 2972 inter
245 2937 328 2974 annos
343 2917 429 2975 moer
442 2920 490 2973 ³53
502 2931 562 2991 post
573 2920 706 2974 Christum
722 2930 815 2974 natum
827 2936 937 2990 compo·
985 2914 1116 2988 Syncellus
1126 2935 1151 2990 p.
1166 2921 1208 2981 14,
1220 2917 1250 2972 ll.
1260 2916 1523 2987 Cl.'Fragm.llistor.
1536 2926 1600 2970 tom.
1617 2917 1645 2985 3,
1655 2934 1682 2988 p.
1696 2916 1757 2970 ⁵21.

164 3007 261 3052 suerat.
275 2998 500 3068 Interpretatioues
509 2999 627 3068 opusculi
637 2997 702 3050 duas
712 2997 853 3062 babemus;
866 2996 938 3068 prio·
986 2995 1138 3068 Apollonius
1160 2996 1343 3068 AEgyptiorum
1358 2995 1541 3069 philosophus]
1564 2997 1654 3049 «Sine
1677 2995 1759 3048 dubio

164 3075 343 3130 remeoodice
351 3077 438 3128 nescio
445 3093 500 3146 quo
508 3075 644 3146 descripsit
652 3077 804 3128 Franciscus
819 3078 935 3139 Juretm,
984 3073 1136 3144 Apollonius
1150 3075 1191 3126 ille
1203 3071 1355 3144 AEgyptius,
1369 3091 1447 3143 quem
1467 3083 1600 3126 auctorem
1622 3071 1662 3124 bis
1684 3091 1757 3125 com·

162 3151 372 3223 descriptamque
384 3152 493 3206 Claudio
507 3153 615 3206 tradidit
626 3153 766 3216 Salmasio,
779 3170 938 3223 aquoacce·
984 3161 1111 3204 memorat
1121 3151 1281 3222 'lbeophilus
1293 3150 1327 3204 ad
1341 3150 1462 3221 Autolyc.
1477 3149 1522 3205 lib.
1537 3150 1562 3213 3,
1576 3168 1600 3204 c.
1617 3155 1649 3202 16
1662 3161 1688 3202 et
1711 3155 1756 3214 ati,

84 3287 88 3295 ¹
166 3229 206 3298 pit
224 3229 337 3282 Iacobus
358 3230 549 3294 Gotholredus,
569 3231 670 3300 primus
681 3230 759 3282 libelli
777 3229 833 3300 ejus
853 3231 939 3283 editor
984 3229 1081 3298 quique
1102 3227 1202 3298 ajebat,
1225 3239 1298 3282 etate
1314 3246 1361 3282 sua
1373 3229 1426 3299 jam
1446 3229 1575 3282 cllluxisse
1594 3239 1652 3300 post
1666 3230 1757 3283 orbem

166 3308 263 3370 (Vetus
282 3305 354 3358 orbis
371 3306 525 3380 descriptio,
543 3308 624 3374 greci
638 3308 791 3379 scriptoris,
804 3309 854 3360 sub
877 3312 938 3361 Cort-
984 3306 1119 3358 conditum
1131 3305 1399 3377 myriadosannorum
1417 3305 1566 3375 quindecim
1579 3316 1605 3358 et
1617 3309 1666 3360 tria
1679 3307 1759 3361 millia

164 3383 267 3434 strutio
280 3393 305 3434 et
321 3387 457 3450 Coretum
472 3384 565 3456 impp,
581 3401 649 3436 mirre
658 3385 787 3455 primum,
794 3396 857 3456 post
871 3385 941 3436 mille
985 3401 1063 3452 supra
1074 3385 1234 3453 septuaginta
1244 3385 1361 3454 quinque
1378 3401 1470 3435 annos.
1489 3383 1571 3433 Ταῦτα
1588 3382 1630 3452 pls
1649 3378 1703 3447 obs,
1717 3385 1757 3437 in·

167 3469 291 3510 trecentos
311 3458 502 3524 sermeorrrios,
517 3461 588 3513 edito
605 3478 612 3512 ι
631 3479 689 3513 cum
704 3459 805 3533 duplici
824 3463 939 3514 versione
985 3462 1043 3529 quit
1065 3460 1240 3532 Theophilus,
1256 3459 1416 3522 Ἀπολλώνιος
1439 3460 1453 3512 ὁ
1474 3459 1605 3529 Αἰγύπτιος
1626 3461 1755 3530 ἱστορεῖ.»

166 3546 194 3586 et
207 3535 278 3588 rsotis
298 3536 391 3590 lucebi
404 3537 557 3606 Gothosredi
572 3542 618 3591 IC.
629 3565 665 3579 -
678 3542 801 3603 Geoeooe,
814 3557 847 3590 er
867 3551 938 3610 typo·
984 3541 1048 3590 Mm.
1067 3539 1078 3606 ΙΙ
1092 3567 1125 3578 -
1138 3542 1197 3604 Ego
1211 3549 1298 3590 autem
1312 3538 1374 3607 etc]
1388 3541 1484 3590 Praeter
1497 3537 1560 3590 illud
1572 3538 1671 3608 quods
1689 3544 1706 3602 4
1727 3539 1760 3592 de

164 3612 278 3682 graphia
299 3613 373 3665 Petri
388 3614 551 3668 cherethi.
574 3619 626 3668 DC.
647 3617 809 3683 XXVIII„
834 3616 939 3667 alteram
985 3627 1108 3686 quattuor
1118 3615 1231 3686 paradisi
1243 3617 1327 3668 lluviis
1342 3634 1373 3667 ex
1393 3617 1484 3684 Moyse
1498 3616 1682 3684 interponitur,
1694 3615 1760 3668 nibil

166 3689 407 3758 interpretationem
432 3691 530 3761 praebct
551 3690 617 3744 liber
638 3692 755 3744 Junioris
775 3693 938 3762 philosophi,
986 3694 1085 3746 libellus
1105 3703 1192 3746 noster
1205 3692 1282 3746 babet
1301 3692 1399 3762 quode
1419 3691 1588 3761 scriptoribus
1604 3693 1684 3744 modo
1703 3711 1758 3744 me·

168 3766 376 3834 quemecodioe
389 3769 496 3822 &vensi
524 3769 619 3838 passim
640 3769 733 3821 mutilo
746 3771 845 3840 primus
857 3769 941 3822 edidit
986 3772 1092 3823 moratis
1104 3771 1191 3824 allerri
1204 3769 1362 3822 censendum
1376 3770 1418 3822 sit.
1431 3771 1546 3822 Omnino
1560 3759 1760 3840 veropraelatio·

167 3842 264 3910 Angelo
284 3844 339 3896 Mai
360 3845 450 3911 (Class.
467 3855 548 3898 suctt.
570 3854 635 3900 tom.
651 3846 678 3909 3,
690 3862 717 3916 p.
731 3846 782 3914 387
795 3849 877 3916 sqq),
892 3865 940 3899 nos
986 3849 1082 3900 tionem
1105 3847 1173 3900 hanc
1187 3846 1221 3900 de
1241 3865 1289 3900 suo
1306 3865 1375 3917 penu
1399 3863 1511 3916 suosque
1532 3847 1560 3898 in
1582 3863 1644 3898 usus
1665 3848 1760 3900 iunior

168 3935 232 3971 vero
250 3919 403 3974 exhibemus
421 3939 455 3974 ex
470 3923 609 3990 integriore
626 3921 716 3974 codice
728 3923 846 3976 Parisino
859 3927 937 3991 7418,
986 3925 1033 3977 iste
1048 3925 1223 3995 philosophus
1241 3925 1380 3995 opusculo,
1395 3924 1467 3995 quod
1483 3941 1516 3976 ex
1537 3941 1615 3993 opere
1634 3924 1759 3994 ampliore

167 3995 212 4048 tot.
227 4001 279 4060 264
293 4015 351 4068 sqq.
364 4001 509 4070 Utramque
524 4000 708 4069 scriptionem,
722 3999 828 4054 alteram
842 4001 892 4061 sub
904 4002 940 4056 al·
985 4005 1121 4075 excerpsit,
1132 4003 1271 4076 praelixisse
1285 4002 1436 4056 videtur.1n
1450 4003 1507 4072 ipso
1519 4002 1589 4054 sonte
1599 4019 1683 4070 graeco
1696 4021 1760 4074 prae·

167 4085 239 4140 tera,
253 4088 427 4147 apponentes,
442 4078 515 4130 litera
527 4082 555 4134 A
564 4077 723 4146 signsbimus
737 4080 854 4131 iunioris
867 4079 941 4132 libel·
986 4080 1048 4134 letio
1068 4092 1161 4153 praeter
1180 4081 1230 4134 alia
1253 4082 1401 4136 exhibuerit
1421 4099 1517 4134 nomeu
1533 4083 1646 4134 auctoris
1660 4100 1692 4134 ex
1706 4101 1760 4153 quo

166 4151 238 4218 lum,
251 4151 325 4205 litera
344 4157 367 4204 B
384 4156 548 4208 Juretianum
567 4155 754 4225 apographum.
769 4157 890 4208 Ceterum
903 4155 938 4208 cl.
985 4160 1100 4229 priorem
1113 4159 1173 4212 libri
1186 4169 1300 4230 purtem,
1316 4177 1373 4228 quae
1384 4169 1423 4212 est
1440 4159 1473 4212 de
1484 4160 1547 4212 lsiae
1562 4159 1665 4230 populis
1676 4159 1709 4212 ab
1721 4161 1760 4214 ul·

167 4230 364 4298 Prolessomena.
986 4239 1050 4291 timo
1067 4239 1167 4290 oriente
1186 4236 1318 4306 usquead
1336 4238 1549 4308 Mesopotamiam
1567 4237 1760 4307 imperiumque

201 4313 263 4377 §'1.
289 4315 327 4363 lit
344 4312 513 4368 admirabiles
531 4333 584 4368 orn.
610 4313 693 4367 codex
717 4314 848 4370 Carensis.
872 4315 883 4383 ΙΙ
905 4343 937 4355 -
986 4319 1131 4368 Romanum
1141 4313 1333 4374 babitantibus,
1346 4325 1437 4368 auctor
1449 4323 1582 4366 mutuatus
1594 4315 1636 4366 sit.
1648 4313 1679 4366 Id
1688 4316 1759 4366 enim

169 4403 281 4456 quorum
292 4387 406 4459 quidem]
418 4407 530 4459 quorum
543 4389 655 4460 ejusdem
668 4387 729 4442 cod.
740 4391 815 4451 Car„
831 4407 941 4459 quarum
986 4393 1114 4462 colligitur
1132 4411 1163 4446 ex
1179 4392 1301 4462 acephalo
1313 4394 1397 4445 lureti
1410 4391 1514 4458 codice,
1527 4393 1572 4462 qui
1591 4395 1605 4459 ς
1619 4407 1650 4444 21
1664 4393 1699 4444 ita
1711 4392 1757 4444 ba·

171 4463 277 4534 ipsemet
294 4465 328 4518 de
337 4483 386 4518 suo
397 4467 470 4520 dedit
482 4470 545 4521 Mai.
561 4470 572 4536 ΙΙ
587 4497 623 4509 -
635 4466 741 4537 auditu]
759 4466 866 4519 auditas
877 4468 940 4522 Car.
986 4469 1030 4523 bet
1045 4488 1051 4522 :
1068 4477 1105 4526 Et
1119 4471 1171 4523 loer
1184 4469 1286 4542 quidem
1299 4469 1330 4521 de
1340 4470 1478 4542 predictis
1486 4470 1606 4536 gentibus
1619 4468 1759 4522 lutericus

153 4570 158 4590 ·
173 4541 185 4608 l
200 4569 236 4581 -·
248 4558 381 4607 cofflosces
398 4545 468 4606 Mai,
489 4545 650 4612 mgnoscrbis
667 4543 747 4598 codd.
771 4546 782 4612 l
802 4573 838 4586 ·-
851 4545 898 4597 sed
917 4559 942 4599 et
985 4550 1035 4603 ait.
1048 4553 1214 4618 Quamquam
1232 4547 1379 4601 demetiam
1392 4559 1477 4620 potest
1490 4559 1519 4601 ut
1532 4547 1645 4600 auctoris
1662 4564 1758 4599 nomen

168 4620 251 4684 tuam]
260 4617 393 4672 sedetiam
403 4623 466 4674 Car.
482 4622 494 4690 ΙΙ
507 4625 566 4690 -5
577 4637 605 4676 a.
617 4621 743 4694 quomodo
751 4622 862 4675 mundus
870 4641 888 4675 a
896 4623 942 4675 deo
986 4626 1025 4679 rel
1039 4626 1164 4680 exciderit
1174 4636 1234 4679 antc
1244 4643 1334 4678 rocem
1347 4625 1502 4690 historicus,
1513 4624 1553 4677 rel
1562 4627 1588 4676 in
1601 4626 1682 4694 ipsam
1692 4624 1760 4678 banc

161 4693 251 4762 fuerit
264 4695 413 4768 institutus]
426 4701 466 4751 De
476 4698 517 4751 his
528 4701 555 4751 in
564 4716 622 4769 sqq.
635 4699 701 4752 nihil
711 4699 813 4768 legitur.
825 4700 877 4768 ΙΙ-
889 4703 904 4767 §
915 4700 939 4752 3.
986 4721 1076 4755 vocem
1093 4713 1247 4773 corruptum
1265 4701 1308 4755 sit.
1327 4702 1420 4771 Syrum
1433 4701 1567 4754 hominem
1579 4700 1657 4754 luisse
1670 4718 1702 4753 ex
1717 4701 1758 4754 in·

156 4790 186 4852 ‚a
198 4775 306 4840 Moyse?
319 4793 381 4827 nam
389 4779 493 4847 priores
505 4794 560 4831 om,
573 4778 636 4832 (Iar.
654 4800 665 4821 ι
685 4779 716 4829 Io
729 4793 833 4829 summo
853 4775 943 4829 codice
987 4779 1046 4834 dole
1058 4779 1214 4833 nardationis
1225 4779 1328 4848 collegit
1339 4777 1527 4832 Gotbolredus.

168 4867 259 4904 versus
268 4852 369 4922 aliquot
382 4854 490 4909 madore
502 4856 683 4912 extabuerunt.
701 4881 713 4902 ι
729 4858 809 4917 Man,
821 4856 867 4925 qui
880 4871 942 4925 sup·
1021 4862 1073 4926 54.
1090 4857 1292 4927 caminorum]
1303 4857 1449 4918 Camerini,
1461 4859 1665 4926 quos'tanquam
1678 4855 1759 4908 Indiae

167 4926 247 4998 plevit
262 4945 268 4981 :
284 4930 339 4984 oiri
355 4931 415 5001 [abs
431 4933 582 4987 iudeorum
594 4934 690 4987 libris?
705 4951 813 5004 mosque
829 4933 942 4986 oliorum
986 4935 1113 5007 populum
1130 4952 1208 4988 nemo
1222 4943 1361 4999 memorat,
1373 4932 1547 5005 componendi
1561 4933 1625 4986 mihi
1638 4932 1759 4986 videntur

167 5005 283 5070 gentium
303 5008 446 5082 historieil,
459 5013 508 5082 qui
526 5012 558 5064 de
577 5011 620 5064 his
635 5011 746 5064 scribere
763 5010 865 5080 coria[ti
880 5023 943 5064 sunt
986 5030 1047 5065 cum
1059 5014 1168 5066 mmm
1179 5012 1311 5082 emporio,
1324 5011 1395 5081 quod
1406 5028 1550 5082 anonymus
1562 5021 1654 5064 auctor
1664 5011 1759 5082 Peripli

162 5081 385 5168 ttt'ltt'lst'ocerum]
402 5089 485 5142 dicere
501 5102 650 5162 potuerunt.
668 5091 733 5142 Mox
751 5088 830 5142 rerba
852 5089 943 5141 divino
987 5107 1053 5144 mer.
1069 5091 1179 5162 Erytbr.
1197 5091 1273 5156 (tom.
1298 5106 1320 5153 t,
1336 5106 1364 5159 p.
1382 5091 1446 5158 300)
1460 5091 1487 5142 in
1507 5087 1697 5142 Dachinabadae
1712 5106 1758 5142 ora

168 5171 269 5228 spiritu
284 5172 329 5215 aut
345 5164 440 5221 desunt
450 5170 477 5220 in
488 5167 547 5225 cod.
561 5170 636 5232 Cam,
646 5178 692 5221 aut
705 5167 817 5236 neglexit
829 5172 862 5222 A.
877 5168 941 5220 Mai.
986 5168 1102 5222 orientali
1120 5179 1179 5239 post
1191 5167 1341 5221 Colchicum
1357 5176 1382 5220 et
1396 5166 1545 5235 Argalicum
1558 5169 1644 5219 sinum
1667 5165 1758 5235 (polles

173 5236 185 5304 ΙΙ
197 5263 233 5275 -
241 5241 307 5290 Post
319 5240 386 5295 hunc
393 5244 425 5296 de
435 5245 591 5316 provinciis]
604 5249 644 5300 De
651 5244 799 5316 prouinciis
813 5263 870 5298 cero
878 5245 939 5299 Car.
987 5244 1017 5298 de
1028 5247 1104 5300 lolli
1111 5257 1135 5298 et
1144 5245 1357 5318 d'Artirrgori)et
1365 5255 1425 5299 ante
1435 5245 1566 5300 Poducam
1576 5244 1756 5312 (Poediclw'ry)

255 5343 394 5413 ,caeco
818 5375 824 5380 ·
932 5345 985 5396 ets
1410 5359 1416 5366 ·
1626 5355 1656 5398 ss
