3884 5925
688 485 951 547 GEOGRAPHIAE
970 488 1224 552 turouuATtO.
1698 514 1754 563 Μ

149 612 290 690 Ταινάρου
315 612 346 671 ix
371 610 473 683 δεξιῶν,
496 611 562 690 ὅπερ
581 613 662 692 ὁρίζει
684 616 711 683 ἐξ
725 617 865 694 εὐωνύμων
886 618 953 697 chry
976 622 1132 691 Taenarum,¹
1147 624 1221 693 quia
1242 624 1346 677 sinistra
1361 624 1483 677 terminat
1507 628 1594 679 sinum
1615 630 1755 684 Messenia·

125 697 341 769 »Μεσσηνιακὸν
361 700 478 773 κολπον,
495 692 526 759 οὗ
545 704 576 759 ἐκ
597 700 685 768 δεξιῶν
711 702 830 781 Ἀκρίτας
853 705 929 783 οίκρα.
977 725 1046 767 cum,
1061 707 1269 777 cujusadestra
1288 710 1388 763 Acritas
1407 712 1632 781 promontorium.
1659 717 1752 769 Postea

150 777 223 845 Bisa
237 786 427 865 προπίπτωκεν
441 788 521 866 ἄκρον
534 786 635 866 Ἰχθίνς,
653 792 712 849 καθ’
727 790 757 849 δν
775 800 859 850 κεῖσαι
878 793 933 853 Ζᾶ-
977 796 1106 863 prominet
1123 796 1334 865 promontorium
1349 798 1468 867 Ichthys,
1477 796 1555 869 juxta
1570 800 1643 871 quod
1654 804 1754 875 Zacyn-

148 878 257 945 κυνθος,
270 872 437 953 καίίτερονὸ
452 875 619 941 Χελωνᾶτας·
636 877 785 935 τελευταῖον
807 877 835 936 δὲ
851 880 931 958 ἄκρον
978 879 1037 931 thus
1049 880 1198 952 olrjacet,et
1209 880 1318 933 alterum
1334 881 1502 949 Chelonatas;
1516 895 1678 955 postremum
1693 906 1754 943 varo

116 958 259 1043 ιἌμοξςς
278 962 474 1039 ἀντιπρόσωπον
489 960 663 1040 Ἀκαρνανίρ·
681 965 737 1039 μεθ’
760 964 789 1023 ὃν
805 971 819 1024 ὁ
837 968 929 1045 Κορης.
978 969 1239 1037 μνοιινοινῑονίυιηροῑ
1250 971 1367 1031 Araxus,
1380 970 1459 1023 situm
1473 988 1506 1023 ex
1518 970 1629 1033 adverso
1641 977 1755 1032 Acarna·

148 1048 242 1115 θιακὸς
263 1050 398 1129 ἀναχεῖται
420 1046 530 1120 κολπος,
553 1046 574 1117 ζ’
597 1052 709 1109 σταδίων
730 1052 929 1129 συγκλειόμενος
979 1055 1039 1105 nire.
1064 1054 1129 1107 Inde
1146 1056 1220 1107 sinus
1239 1056 1424 1108 Corinthiacus
1440 1056 1600 1111 diffunditur
1614 1061 1756 1114 conclusas

148 1132 265 1205 στόματι
279 1131 345 1187 κατὰ
360 1137 389 1189 τὸ
402 1131 475 1193 Ῥίον
488 1135 585 1212 ἄκρον,
600 1134 615 1194 δ
633 1136 687 1194 ἔστι
701 1142 747 1208 τῆς
762 1139 927 1209 Πιλοποννή-
978 1143 1045 1195 ostio
1060 1154 1158 1212 septem
1181 1142 1324 1194 stadiorum
1345 1142 1412 1215 ipter
1432 1138 1527 1211 lllriurn
1541 1146 1713 1217 Peloponnesi
1731 1160 1757 1201 ct

146 1238 207 1289 σου,
219 1215 249 1275 τὸ
263 1217 285 1274 δ’
298 1216 436 1299 Ἄντίρριον
445 1220 579 1302 Λοκρίδος.
590 1222 795 1303 ἈπδΤσινάρου
810 1224 853 1283 tel
868 1228 928 1285 Φυ·
980 1226 1148 1281 Antirrhium
1173 1227 1292 1280 Locridis
1315 1230 1506 1299 promontoria.
1553 1234 1706 1287 ATaenaro
1729 1236 1756 1287 in

146 1310 245 1364 κοίν’ντσ
260 1305 361 1377 Λιόύης
375 1307 405 1365 τὸ
423 1307 521 1389 δίαρμα
539 1309 678 1389 στάδιαιγ.
980 1316 1143 1390 Phycuntem
1154 1312 1248 1386 Africae
1263 1313 1386 1383 trajectus
1397 1314 1464 1368 3000
1476 1314 1631 1371 stadiorum.

143 1539 198 1574 uae
217 1540 272 1575 non
293 1526 384 1577 lactus
406 1525 547 1592 historicus
568 1537 596 1579 et
613 1538 706 1581 auctor
724 1528 833 1599 quidam
850 1547 929 1599 quern
977 1526 1039 1579 urbs
1053 1526 1204 1579 Hermione.
1215 1524 1252 1577 Es
1264 1524 1303 1577 his
1317 1525 1379 1577 locis
1393 1525 1499 1597 Hydrea
1513 1538 1553 1583 est
1566 1528 1693 1585 hodierna
1704 1535 1757 1601 Hy·

142 1598 300 1656 sduibmse
310 1602 388 1665 dehet
402 1607 551 1659 ramulas.
564 1610 734 1677 erspropter
747 1609 801 1660 veri
819 1607 930 1661 similius
974 1605 1372 1670 dre,etTricrana(Tricareuus
1382 1605 1512 1675 ap.Plin.)
1521 1609 1757 1679 apesterespondet

130 1693 206 1735 ,ωε
217 1678 284 1732 mihi
297 1679 399 1736 videtur
411 1680 467 1735 deso
477 1685 605 1740 exstitisse
615 1685 720 1755 scyllas
732 1687 928 1757 promontoria,
975 1681 1108 1735 hodierna
1122 1680 1230 1735 Trikeri.
1243 1682 1304 1733 Haec
1315 1700 1376 1735 vero
1386 1682 1469 1738 insula
1478 1701 1562 1754 quum
1574 1685 1607 1737 ab
1619 1686 1708 1756 Hydra
1722 1690 1756 1740 sit

142 1753 259 1809 dierum
270 1756 428 1820 hodiernum
444 1766 497 1831 Cap
510 1762 595 1829 styli,
609 1764 720 1817 alterum
729 1781 812 1834 prope
823 1763 929 1815 hodier-
975 1778 1063 1813 versus
1071 1776 1191 1827 occasum
1197 1758 1351 1823 brumalem,
1360 1778 1413 1813 non
1421 1761 1539 1830 intelligis
1549 1762 1683 1833 quomodo
1695 1777 1755 1819 ante

144 1849 213 1885 num
228 1836 299 1889 Kellt'
310 1847 431 1906 portum,
445 1840 521 1893 sicuti
535 1841 680 1910 Bucephala
692 1860 733 1913 pr.
753 1853 777 1893 et
795 1841 828 1892 ad
841 1844 928 1895 sinum
975 1838 1133 1909 Aperopiam
1150 1836 1246 1907 (not-o)
1265 1847 1291 1889 et
1304 1834 1435 1905 Hydreum
1454 1853 1683 1903 commemoretur,
1700 1844 1754 1895 imo

143 1912 301 1967 Saronicum
313 1927 370 1968 erat
386 1928 412 1969 ct
435 1919 461 1969 in
482 1937 528 1971 ora
549 1920 726 1975 Hermionica.
748 1920 815 1971 Mela
826 1937 852 1984 2,
871 1921 927 1983 3‚s
976 1914 1032 1984 ejus
1044 1915 1133 1967 insulae
1145 1915 1244 1967 mentio
1259 1932 1273 1979 a
1287 1915 1387 1985 periplo
1400 1916 1445 1985 qui
1459 1934 1474 1967 a
1489 1920 1542 1986 (ap
1555 1916 1628 1985 ,t'lyli
1641 1916 1674 1970 ad
1687 1920 1754 1973 ller-

142 1990 183 2042 isa
194 1992 291 2044 habet:
307 1996 380 2045 Inter
390 1996 524 2064 Scyllaeum
536 2007 561 2068 er
574 1998 686 2051 trainam
695 1999 770 2050 sinus
781 1997 926 2064 Argolicus.
974 1995 1089 2046 inionem
1104 1993 1193 2057 fieret,
1207 1994 1316 2045 omnino
1336 1994 1418 2047 aliena
1431 2004 1495 2049 erat.
1512 1998 1603 2065 ltaque
1624 1996 1752 2063 Laelius,

141 2069 221 2124 Idem
230 2088 292 2126 vero
304 2088 311 2125 ε
322 2072 456 2125 Habitant
467 2075 502 2125 ub
516 2076 610 2128 isthmo
618 2076 656 2127 nd
664 2077 798 2141 Scyllrrum
810 2076 930 2147 Ept'dnu-
973 2087 1052 2140 quem
1067 2074 1094 2124 in
1104 2070 1197 2124 tabulis
1208 2072 1261 2124 suis
1274 2073 1414 2141 Kiepertus
1428 2083 1531 2125 secutus
1540 2086 1592 2138 est,
1601 2077 1754 2130 Pausaniam

143 2146 184 2199 rit
199 2160 224 2200 et
239 2149 414 2210 Temerariis..
430 2151 529 2221 oppida
542 2164 628 2203 aretem
642 2153 795 2223 Epidrmms
811 2166 837 2205 et
858 2158 928 2207 Tm.
973 2151 1075 2219 putavit
1088 2169 1104 2203 a
1115 2150 1221 2221 Scyllaeo'
1231 2148 1378 2221 proiectum
1393 2148 1618 2220 praeter-navigasse
1631 2155 1754 2209 orientale

141 2241 207 2279 une
223 2238 249 2277 et
265 2227 408 2279 Hermiona
421 2229 463 2280 lris
479 2229 602 2281 litoribus
614 2230 740 2300 opposita
760 2242 831 2285 sunt.
845 2232 928 2300 igitur
973 2228 1085 2298 Hydreae
1102 2229 1192 2281 insulae
1210 2229 1421 2298 promontorium
1434 2232 1472 2293 (C.
1486 2230 1596 2297 Zurlu),
1610 2230 1689 2301 idque
1704 2236 1755 2285 Co-

139 2304 280 2373 Scyllaeuoa
291 2305 325 2357 ab
334 2308 477 2359 Hermione
486 2326 575 2359 versus
587 2326 708 2361 occasum
721 2310 799 2362 situm
811 2327 865 2361 esse
876 2321 929 2362 sta·
972 2306 1074 2378 lyergiae
1087 2308 1194 2369 nomine
1207 2306 1354 2374 designasse
1368 2309 1487 2379 miroque
1505 2326 1594 2362 errore
1606 2328 1655 2381 pro
1669 2315 1753 2365 conti·

141 2384 207 2437 tuit.
221 2383 336 2437 Eandem
346 2385 423 2437 Plinii
431 2387 671 2439 sententiamluisse
680 2388 758 2440 verba
767 2386 823 2457 ejus
831 2387 928 2442 docent
973 2388 1067 2443 nentis,
1083 2386 1265 2457 promontorio
1293 2384 1452 2450 venditasse,
1474 2385 1536 2443 bine
1559 2406 1621 2441 vero
1643 2390 1754 2443 australe

140 2458 201 2515 haec
214 2464 253 2526 (d,
266 2478 294 2528 9,
313 2464 356 2529 17)
371 2477 377 2512 2
395 2462 448 2531 Qui
460 2463 581 2533 sequitur
589 2471 658 2533 (post
670 2466 838 2531 Laconicum)
852 2466 927 2518 sinus
971 2465 1062 2517 insulae
1075 2465 1141 2517 latus
1152 2463 1371 2533 preterlegentenr
1385 2463 1510 2535 usquead
1529 2464 1630 2519 Trileri
1642 2468 1752 2522 insulam

135 2536 183 2589 ad
193 2538 328 2606 Scyllaeum
346 2541 488 2606 Argolicus
499 2554 625 2604 avocatum
645 2542 755 2615 Oppido
772 2546 847 2606 Boeo,
860 2544 927 2614 Epi·
970 2546 1116 2613 navigasse,
1129 2542 1200 2595 unde
1210 2540 1331 2613 deinceps
1341 2560 1420 2593 cursu
1432 2542 1537 2595 boream
1552 2561 1640 2595 versus
1650 2544 1752 2598 deflexo

138 2614 409 2673 daurusLimeraetc.
426 2622 480 2672 ..A
486 2619 634 2685 Scyllaced
639 2618 767 2672 Isthmum
777 2625 929 2674 CLXXVII
970 2623 1140 2676 Herrnionem
1156 2620 1314 2675 tetendisset.
1331 2626 1365 2675 At
1379 2620 1507 2691 ejusmodi
1522 2634 1696 2675 commentum
1717 2624 1752 2679 ab

138 2712 181 2748 m.
190 2694 345 2766 p.,·nppido
355 2697 507 2758 Herrrrioae,
523 2701 626 2750 Troezen
640 2709 691 2752 ete.
703 2700 822 2768 Denique
833 2701 926 2769 Strabo
970 2703 1043 2755 ornui
1068 2704 1120 2754 reri
1142 2704 1226 2771 specie
1245 2700 1387 2759 abhorrere
1407 2709 1477 2753 recte
1495 2699 1624 2753 intellexit
1644 2700 1751 2755 Curtius

140 2788 172 2843 p.
187 2773 299 2841 (317,1a
313 2773 390 2841 Did.)
415 2792 421 2825 ε
440 2773 470 2825 Ὁ
488 2773 639 2845 Ἑρμιονικίνς
659 2775 750 2837 κόλπος
763 2776 863 2846 ἄρχεται
877 2776 925 2831 ἀπὸ
969 2781 1071 2851 (Pelop.
1081 2779 1100 2835 l.
1110 2780 1152 2846 1.),
1161 2778 1272 2847 ideoque
1281 2776 1357 2829 aliam
1366 2795 1454 2831 rerum
1467 2776 1664 2835 arba-nationem
1677 2798 1753 2835 exeo·

145 2847 225 2913 Ἅλίος
245 2852 309 2921 (sire
327 2849 436 2917 Ἆλικῆς;
452 2852 531 2906 codd.
548 2853 636 2922 ἎΝης)
656 2854 786 2923 πολίχνης.
805 2848 878 2907 Idem
894 2874 924 2927 p,
969 2860 1073 2925 gitavit,
1093 2875 1172 2928 quam
1191 2858 1273 2927 ipsam
1287 2874 1392 2927 quoque
1407 2856 1595 2927 improbamus.
1615 2858 1750 2929 Scyllaeum

141 2929 217 2994 (316,
231 2929 276 3000 οῖς)
292 2945 299 2982 :
320 2926 349 2982 ‘0
364 2930 407 3000 μὲν
421 2930 577 3002 (Ἀργολικὸς
586 2931 688 3004 κόλπος)
705 2934 776 3003 μέχρι
791 2937 835 2986 τοῦ
846 2934 924 2987 Σκυλ-
969 2936 1066 2990 scilicet
1072 2936 1167 2990 Curtio
1176 2952 1229 2992 non
1237 2945 1276 2988 est
1284 2933 1347 2988 hod.
1361 2939 1387 2988 C.
1399 2934 1530 3002 Sl,yli,sed
1539 2939 1749 3006 promontorium

141 3008 216 3060 λαίου
229 3009 327 3083 πλέοντι
341 3010 400 3079 πρὸς
411 3011 445 3062 ἕω
454 3011 495 3061 καί
505 3010 547 3071 τὰς
559 3009 697 3072 Κυκλάδας·
709 3011 759 3063 dial
772 3009 925 3083 Ἑρμιονικὸς
970 3015 1051 3082 magis
1065 3033 1154 3069 versus
1168 3015 1274 3066 boream
1289 3013 1367 3063 situm
1383 3014 1423 3080 (C.
1441 3011 1590 3083 Krinneri);
1610 3013 1683 3083 quod
1707 3017 1750 3068 vix

142 3084 307 3157 ἑωθινώτερος
316 3087 402 3140 τούτου
418 3090 489 3158 μίρρι
499 3088 558 3157 πρὸς
569 3087 613 3152 τὴν
625 3087 733 3157 Αἴγιναν
743 3089 784 3140 καί
794 3089 839 3155 τὴν
856 3089 925 3145 Ἐπί·
956 3089 1120 3154 credideris.
1137 3093 1205 3144 Dein
1223 3089 1369 3159 Bucephala
1381 3100 1419 3142 est
1434 3093 1461 3142 C.
1481 3089 1578 3161 aprum
1595 3091 1712 3146 llaliussa
1725 3105 1751 3146 et

139 3164 251 3234 δσυρίαν.
268 3165 308 3218 (ii.
328 3170 354 3236 μζ
377 3165 616 3231 484(416,22):l1
636 3165 725 3232 Μῆλος
744 3168 860 3237 διέχουσα
880 3177 924 3224 τοῦ
969 3169 1087 3238 Pityussa
1107 3181 1169 3222 suot
1192 3169 1282 3221 insulae
1296 3167 1367 3237 styli
1389 3170 1571 3238 promontorio
1593 3166 1746 3240 adjacentes.

145 3239 305 3314 Ἑρμιονικοῦ
316 3243 469 3314 ἀκρωτηρίου
480 3249 524 3296 τοῦ
534 3245 673 3296 Σκυλλαίου
683 3246 835 3318 σταδίουςίί,
848 3249 924 3303 Adde
968 3246 1130 3317 Colyergism
1151 3247 1231 3300 refert
1247 3245 1279 3298 ael
1298 3247 1429 3298 minutum
1445 3245 1527 3299 litoris
1548 3249 1648 3318 apicem
1669 3265 1750 3322 prope

139 3321 215 3392 quod
237 3321 288 3374 elio
304 3321 362 3376 loco
377 3325 416 3392 (p.
437 3324 498 3386 321,
525 3323 569 3392 13)
588 3322 723 3394 Scyllaeum
744 3323 809 3377 dicit
827 3344 882 3379 esse
897 3327 923 3380 ίν
968 3323 1748 3400 I’lrnrluriamsitumquiiutabulisnauticisnominecaret;

145 3397 278 3472 Ἑρμιόνῃ,
291 3401 320 3452 in
339 3398 440 3454 ditione
459 3401 643 3466 Hermionica;
663 3403 772 3456 minime
791 3404 841 3456 hoc
854 3406 924 3458 cadit
968 3421 1125 3474 qimmquam
1140 3406 1239 3472 insigne
1250 3402 1357 3472 aliquod
1370 3412 1396 3454 et
1407 3399 1583 3474 periculosum
1597 3417 1750 3474 promonto-

139 3479 169 3530 in
193 3484 249 3551 Cap
264 3479 354 3548 styli,
368 3480 440 3548 quod
454 3490 510 3532 erat
529 3481 743 3544 Troezeuiorum;
768 3500 852 3552 neque
876 3485 923 3536 ad·
968 3483 1038 3534 rium
1053 3495 1108 3536 tum
1121 3499 1216 3534 nomen
1229 3469 1287 3550 ejus¹
1300 3491 1355 3532 tum
1371 3479 1449 3534 rerba
1463 3483 1604 3547 Pausaniae,
1616 3473 1676 3552 dape
1696 3483 1749 3538 dvs'-

138 3558 210 3612 mira
221 3556 297 3610 velim
308 3555 379 3627 quod
390 3559 606 3630 Curtius(!²elop.
617 3560 923 3630 a,p.453)oeosetStra-
968 3579 1048 3628 χουσα
1063 3559 1089 3614 ἐκ
1101 3564 1144 3626 τῆς
1161 3558 1275 3628 ἠπείρου,
1291 3555 1406 3612 indicare
1419 3555 1550 3609 videntur.
1567 3555 1643 3610 Haud
1667 3563 1749 3630 magis

139 3633 218 3688 honis
236 3635 321 3688 verbis
333 3637 449 3706 priscum
461 3637 572 3706 aliquem
585 3655 673 3690 rernm
685 3648 780 3690 statum
795 3639 921 3706 iudicari,
969 3639 1105 3690 verisimile
1118 3649 1156 3690 est
1169 3638 1295 3689 Tricrana
1309 3653 1363 3688 esse
1377 3634 1516 3690 insululam
1531 3635 1568 3687 vol
1584 3653 1676 3706 rupem
1690 3655 1749 3708 qnae

139 3730 196 3784 quo
208 3715 376 3768 Hermionioe
392 3714 461 3773 ditio
480 3716 548 3768 ultra
568 3720 626 3788 Cup
653 3717 724 3783 Sty-tt
745 3718 921 3787 pertinuisset.
967 3735 1048 3786 prope
1073 3715 1246 3770 Plurimum
1260 3731 1312 3768 ore
1332 3711 1440 3782 adjacet.
1465 3715 1585 3783 Denique
1605 3733 1659 3784 quo
1672 3729 1748 3786 pacto

137 3792 233 3846 Obstat
242 3794 314 3848 enim
327 3793 399 3865 quod
411 3793 481 3866 apud
497 3795 602 3848 Livium
622 3813 728 3866 quoque
744 3796 852 3865 legimus
864 3798 920 3864 (31,
966 3795 1248 3861 crediderisauctorern
1257 3795 1283 3845 in
1295 3792 1346 3845 hoc
1358 3790 1464 3861 paraplo
1476 3791 1607 3862 Hydreum
1621 3793 1744 3858 insulam,

136 3873 211 3937 w:
234 3871 333 3926 uaeris
352 3891 370 3924 a
391 3878 498 3942 (hrqrra
518 3875 653 3944 prosecta,
674 3875 762 3929 Malea
781 3889 921 3947 sirperato,
966 3892 1025 3944 quac
1044 3873 1105 3926 inde
1124 3892 1139 3926 a
1157 3871 1263 3942 Scyllaeo
1279 3871 1313 3923 oh
1337 3869 1425 3922 oculos
1441 3879 1512 3932 erat,
1530 3881 1588 3940 post
1613 3873 1746 3943 Aperopiae

137 3949 211 4002 eima
220 3951 355 4021 Scyllarum
365 3952 585 4020 ugriHermiom'i
598 3954 692 4005 Attalo
713 3953 767 4019 regi
780 3954 837 4023 (qui
859 3963 922 4007 tune
966 3951 1074 4006 demum
1094 3953 1253 4004 mentionem
1267 3948 1443 4002 recensuisse?
1466 3948 1636 4005 statuendum
1660 3953 1747 4021 potius

138 4028 321 4081 iullermione
336 4023 630 4104 urbeeratlcorrjrmcta
644 4043 694 4086 est.
708 4032 803 4085 Strabo
817 4033 922 4087 hodier-
966 4033 1038 4098 bunc
1059 4033 1087 4084 in
1114 4030 1232 4084 rnodum.
1258 4029 1397 4082 Pausanias
1417 4029 1457 4080 via
1477 4026 1518 4080 illa
1539 4026 1745 4094 mediterranea,

138 4123 204 4158 num
216 4112 270 4178 Cap
277 4107 349 4178 styli
361 4119 483 4178 tanquam
490 4111 591 4178 insigne
599 4109 705 4181 aliquod
712 4113 922 4182 promontorium
965 4127 1045 4179 quam
1063 4110 1214 4178 descripsit,
1227 4109 1353 4160 Troezene
1371 4107 1398 4158 in
1412 4107 1607 4174 Hermionicam
1629 4105 1745 4184 trajecity

136 4187 249 4238 omuino
260 4205 315 4238 oon
332 4189 436 4240 novisse
450 4188 568 4254 videtur,
579 4208 642 4242 nam
655 4207 737 4260 quum
751 4191 837 4242 sinum
856 4191 922 4242 Her·
964 4187 1079 4240 eundem
1090 4196 1212 4258 praeterea
1225 4188 1302 4243 etiam
1317 4184 1377 4237 litus
1398 4184 1557 4236 maritimum
1572 4183 1632 4235 inde
1645 4202 1660 4236 a
1673 4186 1745 4256 Scyl·

138 4263 285 4316 miouicum
299 4283 382 4335 usqm
395 4266 428 4318 ad
440 4267 567 4337 Epidauri
578 4268 699 4321 viciniam
709 4268 833 4321 extendat
844 4280 922 4338 atque
965 4265 1012 4318 laeo
1027 4266 1130 4335 legisse,
1146 4276 1176 4318 ut
1188 4262 1257 4316 nuda
1271 4263 1378 4316 nomina
1393 4263 1635 4333 promontoriorum
1651 4263 1747 4316 insula·

134 4341 329 4406 summane
343 4351 379 4415 τῷ
400 4341 551 4416 Ἑρμιονινῷ
569 4346 655 4417 κόλπῳ
674 4347 750 4398 sitam
770 4365 825 4399 esse
847 4357 922 4417 putet
964 4361 1077 4412 rumque
1091 4343 1163 4413 operi
1175 4359 1224 4394 suo
1238 4340 1616 4407 insereret,negamtu;istum
1629 4339 1746 4394 locorum

136 4423 177 4490 (p.
193 4424 239 4488 lq,
254 4425 310 4490 ογ),
325 4424 468 4476 maximum
491 4425 564 4478 illum
586 4443 638 4478 orae
657 4425 820 4488 anfractum,
842 4443 920 4495 quem
964 4439 1101 4475 recensum
1111 4439 1126 4473 e
1136 4423 1233 4490 scripto
1246 4420 1333 4488 aliquo
1350 4417 1522 4488 geographico
1538 4428 1670 4470 mutuatus
1688 4429 1743 4483 est,

136 4498 300 4552 hodiernum
310 4506 363 4572 Cap
375 4503 446 4572 Siyls'
455 4501 526 4565 iacit,
538 4505 669 4570 ignorasse
680 4502 921 4556 debeb-Accede
965 4518 1050 4570 neque
1062 4499 1284 4554 animadvertitin
1297 4515 1328 4548 eo
1342 4513 1421 4567 opere
1435 4495 1569 4566 Scyllaeum
1589 4507 1743 4566 promonto-

135 4579 170 4632 ἃᾶ
181 4580 346 4647 Pausaniam·
359 4581 386 4632 1³
395 4582 464 4632 euim
476 4583 514 4646 (2,
529 4581 574 4647 34)
584 4591 724 4651 Pothmm
736 4582 804 4632 viam
815 4599 866 4650 qua
875 4599 923 4650 per
965 4587 1034 4638 rium
1047 4603 1100 4637 non
1114 4603 1169 4638 esse
1184 4583 1247 4635 illud
1261 4583 1399 4634 l'roezeniae
1413 4581 1505 4649 (δίη-λέ)
1513 4619 1522 4646 ,
1537 4580 1582 4633 sed
1594 4581 1744 4634 Hermioni-

136 4655 328 4710 moditerranea
341 4660 466 4712 Troezeoe
486 4660 514 4710 in
535 4657 727 4712 llermionieaur
742 4658 792 4710 iter
805 4668 857 4721 est,
874 4656 920 4710 de·
966 4681 1027 4716 eum
1040 4662 1112 4732 quod
1124 4663 1295 4731 ePornponio
1304 4659 1383 4727 Mela,
1396 4659 1493 4722 Plinio,
1507 4659 1635 4712 Strabone
1646 4671 1670 4712 et
1683 4661 1745 4712 Tito

135 4735 254 4804 scripsit,
270 4735 375 4788 brevem
389 4735 523 4805 subjungit
531 4753 667 4787 recensum
679 4738 920 4806 promontoriorum
965 4741 1041 4794 Livio
1056 4742 1185 4795 novimus.
1199 4743 1261 4806 Quo
1272 4739 1385 4792 admisso
1397 4738 1530 4790 Pausaniae
1539 4753 1643 4802 errore,
1656 4739 1745 4791 omnia

136 4813 336 4883 insularumque
346 4833 405 4885 quae
415 4817 442 4866 in
452 4833 498 4867 ora
510 4815 640 4867 maritima
651 4825 713 4866 sunt
720 4814 805 4866 iodea
816 4815 921 4884 Scyllae
965 4817 1084 4870 facillime
1090 4817 1259 4888 explicantur.
1269 4814 1404 4885 Scyllaeum
1410 4815 1527 4882 igltursit
1533 4817 1745 4884 promontorium

135 4891 587 4962 TroereniousqreadHermionem
603 4893 705 4946 urbem.
715 4895 777 4946 Post
785 4893 920 4963 Scyllaeum
964 4894 1037 4964 quod
1048 4905 1087 4947 est
1099 4911 1114 4947 a
1127 4895 1206 4946 borea
1218 4894 1294 4948 Kelli
1305 4894 1358 4944 sire
1374 4891 1449 4953 Ἁλίας
1460 4902 1562 4962 portus.
1577 4894 1701 4964 Sequitur
1712 4895 1746 4946 ah

137 4980 268 5022 memorat
278 4970 450 5040 Bycepbalam
464 4988 505 5042 pr.
520 4982 547 5023 et
560 4981 612 5023 tres
624 4970 721 5024 insulas
737 4970 883 5023 Haliussam
893 4982 919 5024 et
963 4975 1044 5027 altero
1056 4985 1146 5044 portus
1160 4973 1238 5027 latere
1251 4972 1397 5042 Bucephala
1407 4991 1460 5044 pr.,
1475 4971 1508 5023 ad
1518 4971 1590 5041 quod
1602 4983 1640 5024 est
1649 4973 1743 5034 insula,

135 5048 284 5118 Pityussam
296 5059 322 5101 et
335 5051 545 5114 Aristeras‚tum
553 5049 715 5120 Colyergiam
728 5048 920 5121 pr.,deioTn‘·
964 5069 1023 5122 quae
1035 5052 1068 5105 ab
1082 5051 1156 5104 Halia
1170 5051 1310 5106 vocabatur
1324 5050 1442 5103 Haliussa
1454 5050 1541 5118 (sicuti
1557 5050 1639 5102 insula
1655 5053 1744 5103 hlaseti

135 5142 216 5178 crana
230 5125 706 5197 insulam,pnsthaoeBuporthmum
718 5127 921 5197 montemeique
964 5132 1052 5202 portui
1072 5131 1242 5184 Hermionieo
1265 5128 1365 5198 objecta
1388 5129 1493 5183 Masetis
1516 5127 1669 5192 dicebatur).
1699 5130 1743 5182 Se·

136 5202 301 5272 objacentem
309 5205 747 5275 Aperopiaminsulam,aquanon
760 5203 921 5272 lougedistat
964 5219 1083 5280 quuntur
1103 5209 1219 5278 Pityussa
1242 5218 1268 5260 et
1288 5208 1423 5272 Aristera,
1438 5225 1496 5276 quae
1518 5206 1596 5259 hodic
1618 5207 1743 5258 dicuntur

137 5281 244 5351 Hydrea
254 5281 382 5346 ins.,tum
395 5280 508 5352 αίγιαλὸν
521 5285 655 5354 μηνοειδῆ,
668 5293 724 5338 tum
739 5280 813 5346 ἀκτὴν
830 5284 920 5352 inqua
964 5287 1072 5361 Spania
1091 5298 1116 5341 et
1135 5286 1348 5359 §prusia-Porio.
1364 5289 1421 5340 Jam
1443 5287 1586 5356 Κωλυεργία
1607 5285 1667 5355 ἄκρα
1687 5283 1744 5357 daig
