3884 5925
544 390 595 451 DE
614 388 785 449 DlONYSll
808 386 988 448 atzam!
1012 385 1166 447 adorto
1186 384 1358 445 hesrom.
1730 406 1749 447 v

145 516 178 579 io
204 518 288 579 lirbl.
308 537 355 597 gr.
381 519 442 582 rol.
464 522 504 583 ll'
525 526 556 583 et
577 520 743 583 lludsorius
763 520 796 581 iu
815 522 926 596 Geogr.
975 522 1130 590 stt-autum
1149 516 1222 577 inde
1235 517 1320 577 euim
1334 514 1545 594 colligendum
1562 534 1630 579 esse
1644 525 1751 579 eerrset

145 606 224 666 min.
240 614 320 669 tem.
336 608 390 681 tv;
414 626 513 689 nuper
527 607 659 691 donique
680 608 796 674 aritiis
816 608 929 688 quihus
975 604 1137 684 scripsisse
1150 605 1331 682 Dionysium
1347 610 1417 681 post
1428 609 1552 685 tempus
1561 622 1624 685 qao
1633 604 1751 664 scholia

146 690 315 771 squalebat
329 703 496 775 purgatum
509 714 570 767 uua
580 714 653 759 cum
668 694 780 759 ceteris
792 694 928 775 Dionysii
975 690 1033 753 ista
1045 696 1220 771 composita
1234 688 1305 751 siut.
1321 690 1366 751 De
1383 691 1442 751 huc
1453 698 1555 751 autem
1565 709 1662 769 quum
1674 690 1751 751 olim
1836 722 1842 729 ·

146 780 336 857 fragmentis
358 780 444 842 «teuit
468 778 665 846 doctissimus
689 782 769 850 Orno
791 782 931 843 Fauonius
975 785 1081 857 operte
1096 777 1174 839 laisa
1188 778 1412 859 proferrentur,
1429 796 1512 840 nunc
1534 778 1575 838 ita
1593 778 1649 839 riri
1667 778 1750 840 docti

146 867 157 943 t
171 870 320 945 Dionysii
333 870 480 945 Byzantii
491 870 640 949 inoptam
653 872 779 949 Bospori
786 888 826 931 ec
839 870 930 931 Gillto
976 871 1127 941 statuunt,
1139 873 1175 927 ut
1188 866 1333 943 majorae
1346 864 1468 951 doctior
1480 864 1669 928 scholiorum
1680 884 1752 946 pars

145 961 325 1034 emrerptmn
337 956 435 1018 edidit
447 962 475 1017 ei
487 958 651 1019 illustrauit
662 959 731 1019 Otto
744 958 858 1028 Friclr„
874 958 927 1017 Dr.
976 952 1107 1015 collecta
1129 951 1169 1015 sit
1191 951 1297 1015 seculo
1320 960 1392 1035 post
1414 953 1569 1015 Christum
1600 954 1748 1015 serundo.

142 1040 361 1117 plibrtccedil
373 1045 477 1108 rotatu
484 1042 701 1123 precepero,-
715 1046 819 1119 Weset,
829 1046 928 1119 1860).
975 1037 1070 1117 Igitur
1084 1040 1153 1101 Otto
1175 1038 1315 1101 Friclrius
1335 1038 1492 1119 Anaplum
1516 1039 1667 1120 scriptum
1684 1062 1751 1102 usse

187 1125 239 1187 Ad
256 1126 439 1209 ipsumjam
456 1128 601 1209 perronio
619 1130 817 1209 Dionysium,
830 1129 883 1211 qui
899 1130 929 1191 in
976 1132 1063 1203 putat
1084 1133 1216 1187 exeunte
1240 1125 1346 1187 seculo
1370 1125 1508 1187 meando
1534 1134 1605 1189 aute
1635 1146 1752 1189 anuum

145 1212 263 1275 Lexico
283 1212 434 1280 Suidiauo
450 1224 597 1299 tauquam
619 1220 740 1285 ἐποποιὸς
759 1218 838 1281 iuter
852 1217 930 1281 alios
977 1218 1045 1289 toa,
1062 1234 1126 1294 quo
1136 1213 1316 1293 Byzantium
1328 1215 1393 1276 iere
1406 1222 1504 1277 totum
1516 1216 1684 1295 Septimius
1698 1220 1751 1280 Sc·

144 1298 229 1361 «tuos
244 1300 591 1383 assentacionysium
603 1305 850 1387 Mytilenaeumet
862 1306 931 1371 Dio·
976 1320 1066 1365 verus
1084 1300 1211 1377 evertit;
1237 1318 1309 1363 nam
1325 1307 1397 1380 post
1415 1300 1472 1363 has
1491 1300 1577 1363 urhis
1593 1303 1696 1371 ruinas
1717 1304 1754 1365 ti-

145 1387 275 1465 nysium
287 1386 494 1469 Corinthium,
505 1392 627 1456 medias
643 1400 834 1457 memoratur
847 1393 930 1461 huuc
976 1388 1067 1451 hrum
1083 1409 1146 1452 nou
1159 1408 1228 1451 esse
1237 1388 1357 1451 editum
1369 1408 1408 1451 ex
1419 1389 1630 1461 monumentis
1641 1394 1754 1473 Dyzan-

144 1470 179 1533 iu
194 1472 329 1535 modum
347 1496 355 1538 ε
976 1476 1026 1548 tii,
1038 1494 1109 1558 quaa
1123 1476 1154 1539 iu
1165 1476 1286 1557 suapte
1298 1484 1521 1550 memorantur,
1532 1477 1750 1555 demonstrari,

186 1559 330 1629 Διονύσιος
344 1564 503 1641 Βυζάντιος,
518 1561 651 1633 Inscende·
667 1566 828 1647 Περιήγησιν
844 1570 889 1625 τοῦ
904 1568 930 1629 iv
977 1572 1137 1645 proeeuitlo
1158 1562 1262 1637 Gillio,
1278 1564 1392 1642 saepius
1415 1564 1472 1625 virt
1496 1564 1580 1627 docti
1601 1584 1754 1627 asstantes-

142 1648 185 1726 τῷ
208 1648 342 1729 Βοσπόρῳ
362 1648 568 1735 dedoleo-nepai
583 1652 682 1735 θρήνων
698 1654 767 1730 (ἐστι
781 1652 808 1713 δὲ
829 1654 930 1732 ποίημα
978 1658 1049 1713 runt
1077 1656 1133 1731 tlh
1163 1658 1195 1713 at
1225 1650 1376 1730 quaerimr
1399 1670 1475 1713 oum
1504 1659 1604 1725 recte;
1636 1652 1754 1715 scilicet

144 1735 444 1815 proticiscentem).
976 1757 1013 1809 ea
1026 1758 1090 1801 onae
1106 1758 1176 1819 pars
1195 1757 1267 1819 quae
1282 1738 1320 1801 ad
1345 1737 1523 1820 Byzantium
1545 1740 1695 1819 pertinet,
1713 1740 1754 1801 ita

187 1822 334 1897 Quorum
348 1824 477 1905 quidem
502 1824 595 1889 iidem
614 1834 646 1891 et
669 1826 883 1891 auctoritatum
899 1821 929 1887 in
977 1824 1174 1901 describitur,
1199 1832 1234 1887 ut
1257 1833 1382 1907 tempus
1401 1824 1555 1888 iudicetur
1579 1846 1642 1910 quo
1667 1835 1753 1891 retus

144 1914 234 1971 mum
259 1910 494 1991 perturbatione
518 1932 578 1993 qna
603 1923 685 1978 totus
712 1912 764 1979 ille
785 1912 824 1975 de
841 1910 930 1976 iuriis
975 1912 1154 1993 Byzantium
1165 1916 1228 1991 jam
1240 1912 1385 1989 jacuerit,
1402 1912 1627 1977 needamuova
1642 1914 1753 1977 urbsa

143 1996 309 2079 Dionysiis
326 1998 931 2080 apudSuidamlocuslaborat‚pereri-
977 1999 1074 2064 ruinis
1107 2000 1284 2066 sarrexerit.
1315 2023 1330 2057 a
1358 2001 1423 2063 Sub
1453 2000 1571 2081 templo
1601 2002 1750 2083 Neptuni,

142 2103 244 2163 mam
264 2104 335 2147 esse
349 2086 475 2151 dixeris.
488 2091 554 2151 Huc
565 2083 780 2169 acceditquod
795 2094 865 2171 post
879 2106 931 2149 so·
977 2086 1141 2167 Dionysius
1151 2086 1250 2167 iuquit
1261 2088 1312 2164 (ir.
1323 2090 1354 2164 D,
1368 2108 1398 2169 p.
1411 2092 1449 2151 22
1460 2090 1486 2168 ),
1497 2088 1577 2151 intra
1588 2089 1673 2152 urbis
1686 2110 1754 2153 ruu-

143 2192 217 2237 cem
235 2176 362 2241 ἐποποιός
386 2176 519 2239 ostendit
538 2178 655 2241 mentio
672 2178 815 2249 heisten,
836 2194 929 2259 quem
976 2193 1083 2240 rum...
1106 2183 1191 2237 erant
1213 2174 1313 2237 stadia
1338 2184 1370 2239 et
1392 2166 1586 2257 gymnasia...
1612 2174 1752 2240 Primum

145 2260 291 2347 oratione
308 2263 410 2326 soluta
425 2264 575 2343 scriptum
597 2283 668 2327 esse
689 2260 828 2337 constat,
851 2260 930 2327 rideo
975 2260 1223 2346 promuntorium
1241 2266 1432 2343 excipiebant
1456 2274 1518 2327 tres
1532 2274 1658 2344 portus,
1674 2284 1755 2347 quo-

145 2354 196 2423 ut,
227 2348 254 2411 si
277 2368 389 2433 reapse
404 2350 529 2435 ‚dnapli
551 2360 660 2416 auctor
688 2352 783 2416 etiam
811 2346 930 2433 poetica
976 2370 1047 2416 rum
1066 2350 1191 2414 medius
1207 2353 1282 2413 satis
1297 2352 1469 2432 profundus
1489 2372 1508 2415 a
1526 2354 1754 2415 ceteris'reutis

145 2437 345 2519 composuit,
357 2438 549 2501 censendum
561 2436 601 2503 sit
614 2445 799 2521 postvocem
812 2438 930 2502 intense
975 2437 1147 2520 tegebatur,
1168 2436 1208 2499 ab
1231 2438 1334 2499 rtlrieo
1358 2446 1441 2501 tulus
1456 2458 1519 2500 uon
1543 2449 1616 2503 erat.
1633 2441 1753 2505 Deinde

146 2519 304 2586 excidisse
317 2524 501 2590 verbosatio
513 2528 542 2585 ii
552 2530 607 2587 ion
618 2524 809 2597 nrtii‚sieuti
821 2522 929 2587 eadem
975 2522 1068 2604 tiaris
1086 2523 1257 2587 continenti
1265 2524 1413 2603 irrepebat
1428 2526 1515 2587 urbis
1535 2528 1659 2591 moenia.
1679 2532 1754 2594 Post

147 2608 281 2689 subjicit
295 2610 423 2691 scriptis
438 2610 629 2692 quibusdam
650 2610 794 2693 Dionysio
809 2610 929 2695 lllytile-
975 2619 1040 2675 erat
1055 2609 1206 2691 templmu
1215 2610 1379 2673 Telluris...
1397 2612 1503 2673 Paullo
1516 2633 1608 2695 supra
1621 2618 1753 2681 Telluris

146 2688 216 2760 nmo
232 2706 339 2782 poctae
354 2698 518 2763 attributis.
538 2700 572 2761 ln
587 2702 789 2785 sequentibus
802 2720 858 2781 pro
870 2702 930 2783 aspi
976 2697 1077 2762 adem
1097 2704 1184 2759 erant
1199 2698 1314 2777 templa
1332 2699 1452 2761 Cereris
1466 2708 1498 2759 et
1513 2701 1716 2783 Proserpinae.
1732 2728 1747 2763 a

145 2784 478 2865 ipsiusvenspectabas
503 2794 610 2871 θρῆυοη
637 2808 732 2873 quare
757 2783 860 2853 neseio
890 2808 929 2851 an
976 2784 1050 2848 Haec
1063 2784 1157 2867 igitur
1181 2784 1223 2847 ita
1237 2786 1353 2847 habeut
1373 2794 1408 2847 ut
1428 2786 1527 2849 stadia
1549 2796 1580 2850 et
1594 2791 1754 2869 gymnasia

147 2870 225 2949 olim
247 2873 402 2957 scriptum
423 2873 517 2939 fuerit
546 2896 555 2937 ε
579 2872 713 2947 ἐποποιός·
730 2872 930 2957 Δτοἰ5...οἰνιίπλου
977 2872 1297 2953 tuucdiruta‚portus
1310 2873 1434 2936 inutiles
1447 2874 1555 2949 laetos,
1573 2878 1754 2944 nroeoiade-

146 2958 353 3044 malimus]-
389 2966 493 3047 θρῆνον.
524 2966 718 3048 Quamquam
752 2965 831 3030 bene
865 2962 929 3028 seio
971 2962 1231 3042 jectaputemus3
1247 2980 1487 3042 nequecausam
1504 2962 1594 3026 rideo
1612 2985 1753 3032 curcum

148 3049 375 3126 grammaticos·
393 3059 425 3112 et
439 3051 619 3115 scholiastes
633 3047 670 3118 iu
689 3050 777 3117 libris
797 3051 930 3117 citandis
975 3047 1098 3110 Frielrio
1113 3056 1282 3110 sanamus
1299 3049 1491 3128 perlapsum
1507 3052 1664 3130 quendam
1682 3073 1755 3116 nar-

147 3153 223 3198 soce
240 3137 304 3212 περὶ
320 3136 456 3202 subinde
471 3139 567 3204 abuti.
975 3135 1103 3198 rationis
1124 3135 1239 3196 lactum
1257 3155 1326 3198 esse
1350 3145 1384 3199 ut
1400 3138 1565 3217 Dionysius
1581 3139 1627 3202 rel
1644 3142 1755 3204 Gillias

187 3219 237 3282 Ad
262 3230 390 3286 aetatem
411 3225 547 3308 Dionysii
581 3227 790 3290 definiendam
819 3244 928 3310 parum
975 3221 1099 3284 illarum
1115 3240 1219 3282 rerum
1235 3230 1384 3302 tanquam
1406 3227 1633 3303 praeteritarum
1648 3248 1755 3290 recor·

149 3305 268 3373 iaciunt
279 3329 381 3388 pauca
394 3309 447 3374 illa
459 3332 528 3394 quae
540 3313 571 3376 'ta
584 3315 702 3394 duaplo
717 3323 931 3378 memorantur
976 3307 1110 3371 daretur.
1130 3311 1208 3369 Nam
1223 3311 1307 3389 quod
1322 3313 1355 3372 in
1372 3310 1461 3392 clade
1477 3323 1630 3392 praesente
1643 3315 1683 3377 de
1702 3337 1756 3380 au-

148 3391 302 3458 historiea
324 3397 377 3478 (t).
399 3399 607 3469 Novissimum
623 3418 731 3464 eorum
750 3407 797 3467 cst
813 3399 852 3462 de
874 3421 930 3464 ara
975 3402 1061 3456 ctore
1080 3395 1147 3475 ejus
1167 3395 1338 3459 saevissimo
1352 3397 1445 3460 verba
1470 3399 1572 3460 tacere
1590 3401 1755 3482 Dionysius

137 3479 302 3562 {Antiano
319 3489 351 3546 a
366 3485 493 3568 epaon
507 3506 527 3551 a
540 3490 801 3550 trementis—rann
818 3488 865 3568 [tr.
878 3491 927 3562 aa,
976 3481 1086 3544 inutile
1108 3481 1249 3558 duxerit,
1269 3483 1312 3558 id,
1334 3484 1456 3564 opinor,
1481 3505 1543 3546 non
1559 3487 1653 3548 habri
1669 3490 1755 3568 quod

151 3590 182 3649 p.
204 3569 282 3644 dl),
307 3590 378 3654 quae
404 3571 545 3656 PompeJi
566 3573 757 3654 temporibus
769 3573 933 3658 'antiquior
976 3568 1138 3630 miremur.
1153 3569 1757 3656 QuumverotpinvDionysiuscompo·

153 3676 219 3720 esse
236 3652 286 3719 aix
301 3653 412 3738 potuit.
428 3654 481 3720 llis
493 3657 568 3742 ipsis
582 3659 725 3740 Pompeji
738 3661 933 3740 temporibus
977 3654 1089 3731 suerit,
1111 3663 1221 3735 sponte
1235 3657 1371 3738 suspieio
1384 3659 1519 3720 nascitur
1537 3671 1756 3739 argumentum

153 3744 317 3822 scripsisse
348 3745 511 3820 Nostrum,
535 3745 649 3833 quippe
668 3745 722 3828 qui
747 3745 932 3830 a-Dionysio
977 3744 1043 3821 ejus
1057 3751 1213 3806 versatum
1238 3762 1305 3806 esse
1330 3744 1445 3824 inipso
1465 3746 1518 3813 illo
1540 3749 1756 3826 Byzantiorum

152 3829 270 3893 Thrace
288 3833 494 3907 grammatico
508 3853 570 3898 noa
588 3833 727 3898 diversus
747 3853 814 3897 esse
830 3835 934 3898 videa·
977 3827 1162 3902 infortunio,
1185 3847 1221 3890 ac
1242 3829 1444 3892 adornatione
1469 3833 1602 3894 similem
1627 3837 1757 3900 tortasse

153 3921 212 3987 tur,
228 3917 411 3996 conjectura
424 3911 466 3997 ’(ἳ)
488 3929 536 3982 est
554 3919 704 3982 Dodwelli
719 3923 769 4002 (in
790 3923 928 3984 lludson,
978 3916 1072 3978 luisse
1087 3916 1116 3978 ei
1135 3933 1229 3995 quem
1251 3913 1409 4002 aliquanto
1433 3925 1503 3997 post
1524 3919 1701 3982 Soterielrus
1716 3921 1756 3984 de

152 4005 187 4064 G.
204 4005 246 4064 Μ.
265 4009 287 4065 t.
308 4005 358 4082 lll,
375 4023 405 4086 p.
422 4007 497 4084 22),
520 4025 613 4088 quarn
628 4007 838 4071 iutilissimnm
863 4028 934 4072 esse
977 4002 1092 4064 Thebis
1107 4001 1146 4064 ab
1159 4002 1336 4068 Alexandro
1352 4004 1464 4070 dirutis
1479 4007 1688 4083 concinnant,
1704 4029 1757 4072 cu-

150 4090 227 4167 ltae
234 4088 349 4154 merito
365 4091 442 4154 tbcit
454 4094 724 4174 Bernhardyus(in
736 4096 860 4176 Dionys.
875 4099 935 4158 Pe-
974 4092 1089 4170 jusque
1106 4097 1227 4169 partem
1243 4087 1274 4150 iu
1298 4089 1602 4158 Pseudocallistheue
1627 4096 1675 4178 ll,
1695 4099 1754 4170 451

154 4179 229 4256 ring.
250 4199 281 4261 p.
296 4183 388 4256 492),
414 4180 453 4243 ad
470 4181 528 4242 boc
552 4183 653 4262 potius
678 4183 731 4244 ille
752 4185 868 4245 utendi
884 4185 934 4264 y'o·
978 4177 1131 4238 hubomut
1147 4175 1361 4256 tuperslilem·

153 4264 250 4343 bens,
265 4265 352 4347 quod
373 4267 458 4330 nulla
475 4268 641 4332 ubeuiruae
662 4278 776 4334 nostrae
797 4273 934 4352 periege·
1010 4334 1044 4392 ω
1062 4331 1149 4382 amm
1160 4333 1192 4382 so
1212 4335 1241 4383 fl·
1254 4341 1304 4384 w
1322 4335 1432 4396 „W
1449 4335 1529 4384 m
1543 4347 1575 4385 θ,
1588 4335 1629 4385 Μ,
1641 4339 1757 4401 sternant

155 4370 224 4434 seos
260 4353 379 4416 mentio
416 4357 452 4416 tit
488 4355 572 4436 apud
608 4355 719 4420 doctos
753 4357 934 4422 scholiastes
977 4401 1061 4452 „m
1077 4406 1117 4464 (ι
1138 4403 1301 4464 xm)
1319 4403 1489 4465 mmm,
1510 4402 1619 4465 ΜΝ
1637 4407 1757 4467 mum„

154 4441 311 4521 apollonii
324 4442 438 4503 Rhodii
448 4442 481 4504 in
492 4463 530 4506 ea
540 4446 835 4507 commentariorruu
847 4453 935 4526 parto
977 4482 1033 4521 Μ
1047 4471 1172 4534 sulm,
1190 4471 1365 4534 iomannes.
1382 4471 1426 4523 „a
1437 4473 1511 4522 anm
1529 4487 1558 4522 er
1578 4474 1657 4537 ipsiu·
1672 4479 1758 4541 Amy

154 4534 214 4613 qp'a
227 4530 479 4610 Argonautarum
493 4531 586 4592 resin
604 4535 743 4613 Bosporo
755 4541 849 4612 geste
864 4533 936 4596 illus
977 4541 1092 4592 mcum
1108 4543 1256 4608 paruimus
1267 4544 1336 4598 ituro
1352 4543 1477 4605 impune
1493 4546 1612 4626 amptum
1627 4553 1758 4611 uternam

225 4633 229 4638 -
979 4615 1086 4662 nerem
1101 4612 1242 4674 Dynntlurn
1254 4613 1447 4662 evertisset-ct.
1469 4613 1534 4662 idem
1545 4615 1602 4664 ibid.
1622 4629 1647 4680 p.
1664 4625 1703 4676 aa,
1724 4618 1758 4682 h,·

978 4681 1351 4743 tam-Demostratum.
1371 4689 1391 4741 1,
1407 4689 1453 4745 η).
1472 4684 1759 4746 tited.toot)=«t)lo

183 4747 217 4809 (t)
231 4747 376 4808 mnndum
392 4747 529 4811 aPhrliypo
542 4748 679 4809 omum,
690 4749 720 4797 ir.
739 4753 778 4808 tt,
793 4763 816 4814 p.
830 4755 869 4812 it,
883 4754 936 4803 i‘to
980 4751 1065 4813 nysius
1077 4751 1175 4798 zodmo
1187 4749 1266 4799 multo
1274 4750 1406 4812 unienter,
1421 4756 1451 4802 ut
1474 4766 1506 4802 er
1520 4755 1619 4816 moptis
1625 4769 1757 4820 mprosra-

155 4817 255 4864 Μ
268 4819 302 4876 ll,
319 4815 350 4865 tr.
369 4821 409 4876 28,
428 4829 453 4880 p.
466 4821 512 4874 ³⁴3
525 4819 617 4868 Galatas
637 4821 730 4867 Fanum
748 4820 879 4871 labbeum
894 4835 937 4886 po·
978 4820 1278 4876 contessionem
1289 4821 1422 4883 scripsisse
1437 4843 1450 4866 ι
1466 4823 1608 4885 tieyuiosia
1619 4828 1758 4879 t'ommeut.

155 4885 229 4948 publi
242 4886 425 4936 etcallimedes
433 4888 529 4936 securi
538 4889 561 4938 ll
570 4889 628 4948 dur,
638 4889 667 4938 ir.
679 4893 718 4948 it,
732 4901 756 4951 p.
773 4893 810 4941 75.
980 4895 1004 4941 ll
1018 4893 1054 4940 De
1068 4889 1180 4951 nmtqoit.
1198 4888 1294 4951 ayant
1315 4903 1339 4952 p.
1356 4897 1399 4942 dot
1416 4891 1449 4941 nd
1466 4894 1558 4942 calcem
1577 4895 1692 4956 lieryebii
1705 4899 1760 4955 nit.

182 4947 219 5015 'tal
236 4955 339 5005 Temere
355 4969 411 5004 ean
432 4955 582 5020 repetierunt
600 4957 732 5006 schneider
749 4955 780 5008 ed
800 4959 884 5009 AElian
903 4963 934 5016 ll.
980 4959 1019 5008 ed.
1030 4959 1123 5007 orelli:
1137 4977 1148 4999 a
1163 4961 1226 5006 Ante
1234 4959 1318 5008 seven
1334 4959 1393 5024 imp.
1411 4965 1520 5024 tmpore
1535 4971 1594 5011 nrm
1610 4965 1702 5014 vtntseo
1717 4967 1760 5019 vir

155 5027 198 5072 ,tn
211 5027 259 5082 7.t
272 5027 299 5074 et
314 5025 422 5076 bredow
433 5026 459 5074 in
476 5021 719 5090 Epriatotlst‘arisiois,
737 5043 760 5092 p.
778 5035 815 5080 to.
830 5033 883 5080 toi.
900 5033 936 5082 De
980 5030 1092 5086 demes,
1106 5031 1282 5077 commumoni
1294 5030 1360 5079 antu
1375 5041 1473 5092 eoquo
1483 5030 1516 5079 nb
1527 5030 1576 5080 boo
1587 5031 1676 5082 chotha
1690 5038 1757 5094 sunt,

155 5093 266 5156 ltiouysio
292 5095 390 5146 'lhrace
427 5095 484 5143 vide
511 5095 677 5146 doctissimam
707 5099 936 5151 commentationem
980 5101 1034 5162 ipse
1045 5103 1127 5149 nuum
1139 5098 1294 5148 mteooutoe
1306 5097 1424 5150 bam
1434 5099 1541 5154 ebear.
1559 5119 1572 5144 ι
1587 5100 1761 5164 Badtardyua

156 5166 191 5215 tt.
204 5163 569 5228 smmdmmruitotogitou.
581 5167 625 5216 vlt
637 5169 738 5218 etl'ltl.
981 5166 1012 5218 nd
1026 5167 1124 5232 monys.
1139 5167 1329 5231 Puiegpm.
