3884 5925
239 430 298 483 454
953 418 1098 477 ΣΧΟΛΙΛ

236 550 431 621 Ζὼς“ταύτην
444 551 636 626 μεταναστῆναι
649 552 695 618 τῆς
706 547 801 613 οἰκείας
811 550 859 625 γῆς
871 544 916 603 καῖ
930 550 1005 617 οἰκῆ-
1049 545 1152 616 Ἄσίας,
1168 538 1198 602 οῦ
1213 544 1320 616 οἰκήσας
1333 546 1464 604 Οἰκοῦντα
1478 543 1521 603 τὸν
1537 544 1615 603 τόπον
1628 544 1764 620 ὠνόμασε,
1776 546 1825 605 καί

237 638 356 697 σαιίκιῖ.
398 638 466 698 Κατ’
477 635 633 714 ἐπαγγελίαν
646 635 674 693 δί
685 639 732 703 τῆς
752 634 887 701 συνουσίας
897 636 1006 698 αἰτῆσαι
1049 630 1117 711 ἰερδν
1143 630 1293 711 ’Λφροδίτης
1318 628 1451 709 ίδρύσατο.
1491 632 1578 706 Γαμεῖ
1602 630 1630 689 δί
1661 630 1741 703 Δαίην
1776 630 1827 703 τὴν

235 728 312 781 τοῦτο
338 724 472 794 ἠθέλησαν.
515 709 667 781 ’Βκέλιυσεν
690 712 734 778 οῦν
762 721 805 777 τὀν
828 719 1005 798 Θερμώδοντα
1049 718 1219 796 Μαιάνδρου,
1234 718 1277 798 ἀφ’
1291 709 1320 775 ού
1333 717 1486 794 ποταμόςίν
1500 716 1665 797 Καρίρ,καί
1683 726 1754 777 ποιεῖ
1768 722 1828 779 Κε-

235 808 332 880 ταύιην
346 807 476 875 δέξασθαι.
1049 804 1155 863 λάδωνα
1162 848 1171 880 ,
1187 806 1306 881 Καῦνον,
1322 802 1447 863 Βυόλίδα.
1489 792 1541 862 Ὧν
1554 804 1569 861 θ
1583 806 1682 869 Καῦνος
1694 805 1725 862 ού
1737 804 1826 885 φέρων

208 920 222 959 ε
274 914 325 955 Ὶοο.
341 894 563 955 Ὑδατόεσσαν
577 893 628 974 γίιρ
649 893 697 963 τῆν
714 891 889 970 πρασίζουσάν
908 914 1004 970 φησιν,
1048 888 1185 969 τδνέρωτα
1201 894 1247 961 τῆς
1261 889 1372 965 ἀδελφῆς
1389 887 1548 968 μιτῴκισται
1567 890 1604 956 εἰς
1617 888 1729 949 Λυκίαν.
1772 892 1855 954 ΚΜ

233 983 269 1049 ὠς
281 980 420 1061 ἠερόεσσαν
434 979 482 1050 τῆν
501 978 647 1054 σκοτεινὴν,
662 983 701 1059 τῷ
717 980 743 1037 dl
758 978 872 1057 διαφόρῳ
894 979 1004 1059 ἐπιθέτῳ
1047 974 1134 1033 λάδων
1151 976 1178 1031 δέ
1191 974 1268 1053 άρξας
1278 976 1418 1039 Οἰνοῦντος
1429 974 1474 1031 τόν
1488 973 1589 1051 πατέρα
1603 975 1640 1039 εἰς
1653 975 1700 1044 τῆν
1712 974 1826 1047 πλησίον

232 1064 280 1134 τῆν
292 1063 411 1143 διάφορον
424 1065 500 1144 φύσιν
512 1068 557 1121 τοῦ
568 1064 638 1122 λίθου
648 1064 823 1143 παρέστησεν.
1047 1064 1125 1130 νῆσον
1140 1059 1250 1139 ἔθαψεν,
1264 1051 1292 1118 oi
1306 1059 1351 1118 καί
1363 1060 1438 1125 αὖτὀς
1453 1058 1600 1139 μιτῳιιίσθη
1613 1058 1681 1117 κατὰ
1691 1060 1826 1137 χρησμόν,

271 1168 323 1209 m.
339 1146 529 1229 Σιαλώδεα]
545 1148 581 1209 ‘0
595 1148 645 1229 γθρ
660 1148 789 1228 Κέρόερος
811 1148 967 1227 ἀναγόμενος
978 1148 1004 1216 ἐξ
1047 1150 1092 1207 καί
1107 1150 1224 1221 Μίλητον
1235 1148 1315 1219 αὖε-ῆν
1329 1150 1475 1225 ὠνόμασεν.
1517 1149 1621 1228 Γέραρα
1633 1150 1660 1207 δέ
1672 1150 1778 1227 διορίζει
1790 1150 1825 1208 τὰ

231 1234 316 1319 ᾍδου
334 1235 384 1293 ὑπὸ
397 1240 443 1294 τοῦ
457 1234 601 1312 Ἡρακλέος
615 1240 771 1310 θεασόμενος
782 1234 813 1293 τό
825 1238 878 1312 φῶς
888 1235 1002 1309 ἤμεσεν,
1046 1241 1090 1295 νῦν
1103 1238 1232 1295 Οῖκοῦντα
1242 1236 1287 1294 καί
1298 1234 1425 1307 Μίλητον.

193 1346 219 1386 ιο
232 1324 268 1386 ῶς
281 1321 329 1397 μέν
341 1322 408 1389 τινές
429 1344 508 1400 φασι,
524 1322 604 1400 ἀφρόν
626 1344 697 1397 τινα,
713 1321 782 1387 ὅστις
796 1321 942 1392 ἰόλάστησε
953 1322 1002 1392 τὴν
1086 1340 1137 1381 τεν.
1151 1318 1216 1383 Ὀτι
1230 1321 1257 1380 δί
1272 1324 1299 1379 ἰν
1310 1321 1414 1401 Ἐρέσῳ
1427 1321 1557 1399 Ἀρτέμιδι
1571 1321 1638 1400 ἱερὸν
1653 1320 1780 1391 ίποίησαν
1796 1323 1824 1379 αί
1839 1347 1865 1386 ιο

232 1407 348 1466 ἀκόνιτον
369 1408 480 1484 βοτάνην
502 1408 685 1487 δηλητηριώδη
705 1407 884 1485 τυγχάνουσαν
915 1411 942 1466 έν
969 1412 1003 1487 τῆ
1047 1406 1198 1484 Ἀμαζόνες,
1218 1406 1265 1467 σὺν
1278 1408 1382 1472 πολλοῖς
1405 1406 1491 1471 ἀλλοις
1509 1407 1554 1466 καί
1580 1406 1751 1485 Καλλίμαχος
1770 1408 1780 1485 l
1792 1409 1824 1465 in

231 1492 307 1572 χώρφ
336 1497 387 1551 τῶν
415 1495 619 1573 Μαριανδυνῶν·
644 1502 713 1572 τρεῖς
735 1493 786 1572 γίερ
813 1495 919 1569 κάθοδοι
939 1492 1003 1573 πρδς
1046 1494 1131 1553 Dian.
1148 1496 1225 1573 τδρ)
1248 1496 1357 1572 ίστορεῖ.
1373 1492 1537 1571 -Ἕφεσος
1558 1492 1586 1551 δέ
1601 1493 1757 1567 ὠνόμασται
1772 1494 1825 1551 ἀπό

232 1578 311 1657 ᾅδην·
327 1580 357 1636 έκ
378 1579 429 1657 γίιρ
451 1586 496 1637 τοῦ
521 1579 652 1657 Ταινάρου
675 1580 804 1650 κατῆλθεν
827 1582 842 1636 ό
868 1578 1004 1656 Ἡρακλῆς
1047 1600 1115 1645 τινος
1128 1580 1240 1661 Ἐφέσου
1260 1582 1343 1639 ἐκεῖσε
1364 1578 1555 1650 καπηλεύοντος
1573 1578 1618 1635 καί
1634 1578 1825 1658 φιλοξενεῶνεος

232 1668 267 1732 εἰς
286 1666 329 1725 τὸν
344 1667 407 1746 ᾅδην
433 1665 479 1723 καί
493 1667 601 1735 ἀνῆλθεν
625 1670 654 1725 lx
677 1671 721 1737 τῆς
740 1668 931 1742 Μαριανδυνῶν
950 1689 1002 1724 οια-
1046 1665 1104 1732 τοῦς
1112 1666 1253 1746 παριόντας
1263 1666 1306 1725 καί
1317 1664 1404 1723 πάντα
1416 1664 1533 1740 λέγοντος
1544 1663 1607 1743 πρὸς
1619 1660 1733 1743 Ἔφεσον
1747 1664 1823 1723 στέλ·

192 1774 218 1813 ιε
231 1752 315 1811 θόδον.
1046 1752 1147 1811 λισθαι·
1165 1753 1201 1831 [ἢ
1218 1752 1270 1811 ἀπὸ
1290 1751 1402 1829 Ἐφέσου
1419 1752 1507 1820 Λυδῆς
1525 1748 1711 1824 Ἄμαζόνος,ἣ
1728 1749 1821 1826 πρώτη
1837 1776 1864 1817 n

270 1857 320 1896 εοε.
333 1840 363 1896 Μ
368 1837 480 1904 υσίδος
489 1835 582 1917 αίης]
596 1837 701 1897 Μυσίδα
713 1836 740 1893 δέ
754 1836 802 1907 τῆν
817 1836 912 1915 μικρόν
923 1838 1002 1895 Βιθυ·
1047 1838 1167 1917 Ἄρτεμιν
1185 1841 1294 1917 ἐτίμησε
1307 1837 1352 1896 καί
1367 1836 1503 1909 ὠνόμασεν
1516 1835 1639 1915 Ἐφεσίαν
1646 1836 1695 1914 ]ῆ
1709 1836 1750 1895 ότι
1764 1838 1824 1907 Θη-

230 1922 287 1980 νίαν
307 1922 386 2000 λέγει.
427 1924 557 1983 Ἐνταῦθα
575 1923 620 1981 καί
641 1924 689 2001 όρη
703 1924 783 1992 αῦτῆς
796 1922 829 1979 τὰ
843 1928 887 1980 νῦν
907 1922 1002 1981 καλού-
1047 1924 1104 1990 σείις
1118 1925 1311 2004 συστρατεύσας
1326 1923 1456 2000 Ἡρακλεῖ
1469 1922 1513 1979 lul
1530 1921 1573 1980 τὸν
1595 1920 1754 1990 Ἱππολύτης
1775 1924 1822 1988 ζω-

231 2028 297 2078 μενα
310 2007 459 2081 Ὀλύμπια.
502 2007 536 2067 Ὁ
550 2006 578 2065 δέ
596 2006 658 2074 Κίος
672 2006 788 2083 ποταμός
810 2007 1003 2079 Μυσίας,ῆτοι
1047 2013 1140 2088 στῆρα,
1150 2008 1237 2077 ἐδίωξε
1250 2009 1297 2074 τίις
1309 2008 1450 2085 Ἀμαζόνας
1464 2007 1525 2087 άχρι
1540 2007 1637 2073 Λυδίας
1648 2010 1724 2066 κάκεῖ
1738 2030 1821 2066 κατα-

231 2100 327 2168 μικρᾶς
340 2093 472 2159 Βιθυνίας.
1047 2096 1175 2171 φυγούσας
1201 2094 1244 2155 έπί
1270 2117 1328 2153 τινα
1367 2095 1455 2171 βωμὸν
1492 2091 1639 2171 ’Λρτέμιδος
1664 2096 1754 2170 τυχεῖν
1774 2096 1821 2163 τῆς

190 2202 217 2240 το
270 2179 492 2243 εθωΛίολίδος
511 2170 818 2254 ῆθεαγαίηςῙΟῦτοι
840 2178 888 2252 μὲν
912 2178 1003 2259 πρώην
1047 2182 1166 2259 ἀφέσεως.
1834 2204 1863 2243 το

229 2263 336 2343 ᾤκησαν
354 2263 403 2335 τῆν
423 2264 610 2341 Θεσσαλικὴν,
625 2264 743 2331 ἐδέξαντο
756 2264 783 2322 δί
808 2265 852 2322 καί
872 2264 929 2330 τοῦς
951 2266 1004 2325 ἀπὸ
1085 2288 1137 2327 εσυ.
1154 2267 1264 2347 Κάλχας
1275 2266 1302 2323 δὲ
1317 2267 1361 2325 καί
1375 2264 1499 2332 Λεοντεύς
1515 2264 1560 2322 καί
1574 2263 1740 2337 Πολυποίτης
1754 2267 1821 2323 ἀπο·

229 2350 281 2407 τῶν
295 2350 439 2427 Ἐπιγόνων
453 2349 626 2421 ἰκόληθέναας
643 2349 808 2425 Καδμείους,
821 2349 847 2408 οῖ
864 2352 915 2408 τῶν
934 2353 1004 2421 πλη·
1047 2356 1191 2433 χωροῦντες
1212 2358 1259 2424 τῆς
1271 2352 1367 2430 Τροίας
1388 2344 1466 2422 ἦλθον
1491 2352 1526 2415 εἰς
1542 2352 1695 2430 Κολοφῶνα.
1736 2349 1771 2410 ‘⁰
1793 2350 1821 2409 δέ

228 2436 365 2514 σιοχώριυν
387 2439 530 2497 θετταλῶν
553 2438 602 2515 οὐχ
628 2436 796 2547 ὑποφέροντες
819 2436 864 2494 τὸν
887 2436 1003 2513 πόλεμον
1049 2439 1159 2519 Κάλχας
1175 2442 1286 2517 μαντικῇ
1299 2438 1411 2511 νικηθείς
1422 2436 1473 2494 nul
1487 2435 1581 2515 Μόψου
1594 2440 1640 2493 τοῦ
1660 2435 1822 2501 ’Λπόλλωνος

232 2520 322 2591 ῆκουσι
339 2522 417 2580 πάλιν
432 2524 468 2589 εἰς
489 2521 594 2593 Θήθας.
636 2520 691 2601 Ἀφ’
706 2546 742 2578 ων
758 2544 824 2587 τινες
847 2523 882 2587 εἰς
901 2520 1002 2580 Λίαόον
1047 2526 1167 2606 τελευτᾷ.
1209 2524 1368 2602 Ἥγσύμενος
1386 2524 1412 2582 δέ
1427 2525 1511 2581 αὐτῶν
1524 2522 1613 2601 Μόψος
1626 2524 1771 2599 ἀφικνεῖται
1786 2524 1822 2589 εἰς

189 2632 214 2669 τε
231 2608 366 2679 διέόησαν.
409 2609 509 2669 Εἰσίδί
526 2611 627 2677 Αἰολεῖς
643 2602 1004 2687 οὗτοι·Σαγγαρεῖς,Ἆντάν-
1046 2611 1188 2684 Κιλικίαν,
1203 2611 1247 2669 καί
1265 2609 1353 2687 γήμας
1372 2607 1524 2688 Παμφύλην
1541 2606 1588 2676 τῆν
1610 2606 1752 2684 Καόδήρου
1777 2612 1819 2665 θν·
1834 2630 1861 2671 ες

228 2694 309 2772 δριοι,
340 2696 476 2769 Τενέδιοι,
501 2696 647 2768 Μολοσσοὶ,
676 2693 838 2773 Περραιόοί,
869 2696 1001 2769 Λίνιανοί,
1046 2694 1144 2774 γατέρα
1157 2696 1202 2754 καί
1223 2694 1378 2775 βασιλεύσας
1392 2694 1439 2765 τῆν
1459 2694 1549 2772 χώραν
1573 2694 1680 2753 ἐκάλεσε
1702 2697 1821 2777 Παμφυ-

226 2780 340 2847 Λῖθικες.
384 2782 487 2846 Αἰολεῖς
509 2780 537 2839 δί
560 2783 696 2858 λέγονται,
721 2781 761 2838 ότι
779 2781 845 2855 μετδ
872 2781 1001 2861 διαφόρων
1046 2781 1119 2853 λίαν,
1134 2781 1180 2839 καί
1195 2782 1269 2840 πόλιν
1284 2780 1477 2860 έκτισεΜόψου
1494 2780 1582 2839 έστίαν
1596 2780 1771 2857 καλουμένην.

225 2868 350 2939 γλωσσῶν
377 2866 546 2945 ἀστράτευτον
572 2866 701 2947 Ὀρέστης
730 2867 917 2944 ’Λγαμίμνονος
941 2872 1001 2928 κατ’
1062 2886 1135 2926 ιντο.
1150 2864 1821 2946 ΠαραδόξωςίνΆσπένδῳσυοκτονίιιιςτιμῶσιτλν

226 2950 334 3010 αὖτῶν“.
1046 2952 1208 3034 Ἀφροδίτην,
1251 2950 1289 3012 Ἢ
1301 2953 1344 3013 διδ
1353 2954 1398 3014 τόν
1409 2951 1517 3013 Ἄδωνιν
1526 2952 1628 3012 θύουσιν
1637 2955 1704 3034 αύτῆ
1717 2954 1821 3035 χοῖρον·

186 3067 213 3106 κο
265 3057 315 3096 nn.
330 3037 407 3097 Μετίι
421 3039 468 3108 τὴν
479 3040 588 3099 Αἰολίδα
603 3043 626 3098 ol
642 3043 745 3118 Κᾶρες,
759 3039 803 3107 οῦς
813 3037 909 3108 Ἴωνας
921 3040 1000 3117 λέγει.
1047 3035 1091 3096 συί
1112 3039 1163 3117 γίιρ
1177 3039 1310 3116 θμοιωθείς
1330 3037 1408 3120 ’Λρης
1427 3039 1504 3098 αὐτὸν
1518 3037 1678 3098 ἀπέκτεινεν.
1722 3037 1761 3100 Ἣ
1781 3041 1862 3101 dnn

227 3115 308 3181 θύτου
320 3125 431 3181 οἰκοῦσιν
445 3127 472 3182 έν
488 3126 624 3206 Καρίφ,οί
639 3131 683 3183 νῦν
693 3126 851 3203 θρφκῆαισι.
891 3129 1002 3186 Οἰκοῦσι
1047 3131 1092 3184 τοῦ
1108 3129 1201 3206 Μόψου
1216 3127 1323 3194 ἐξιόντος
1337 3128 1380 3184 lul
1401 3126 1481 3205 θῆραι
1499 3126 1639 3198 ηὗζατοτδ
1654 3128 1822 3209 πρωτάγριον

227 3207 254 3264 δί
272 3211 298 3265 έν
315 3207 409 3287 μίντῆ
425 3210 512 3290 Καρίῳ
527 3213 561 3288 γ’,
576 3215 705 3283 Μίλητον,
722 3211 856 3289 Πριήνην,
867 3216 1000 3273 Μυοῦντα·
1046 3213 1112 3291 αὐτῇ
1125 3217 1216 3286 θῦσαι,
1231 3221 1318 3292 χοῖρον
1334 3215 1357 3271 δ’
1368 3213 1494 3290 ἀγρεύσας
1507 3213 1681 3294 ίθνσεναύτῇ.

226 3295 253 3350 ἰν
269 3296 352 3372 Λυδία
366 3294 1000 3375 ς’,Ἐφεαον,Λέόεδον,Κολοφῶνα,Φώκαιαν,
1084 3317 1133 3358 ατο.
1160 3299 1305 3357 Μυθεόεται
1328 3297 1379 3377 γάρ
1395 3297 1435 3358 ότι
1459 3297 1664 3377 Βελλεροφόντης
1685 3295 1749 3356 ποτέ
1775 3303 1822 3356 τοῦ

225 3379 315 3453 Τέων,
330 3380 508 3454 Κλαζομεναῖς.
1045 3383 1154 3453 έπίκλην
1166 3383 1305 3458 λεγομένου
1329 3385 1458 3460 Πηγάσου
1468 3383 1559 3449 έπιόδς
1573 3383 1673 3452 ἰππου,
1688 3385 1715 3449 θς
1729 3387 1760 3442 lx
1772 3389 1820 3454 τῆς

185 3505 212 3542 n
267 3485 318 3525 οτι.
334 3466 454 3538 Μίλητος
463 3469 490 3525 δί
503 3471 554 3526 τῶν
564 3471 694 3543 ἀποφανῶν
704 3491 742 3536 τις
754 3460 785 3539 ῆν
798 3471 826 3526 lv
841 3468 943 3548 Κρότρ,
955 3469 1000 3548 ἀφ’
1044 3468 1139 3544 ἀγέλης
1152 3473 1197 3526 τοῦ
1213 3467 1306 3527 Ἡλίου
1320 3471 1463 3548 ἰτύγχανε,
1481 3468 1591 3538 θελήσας
1602 3471 1638 3535 εἰς
1653 3469 1698 3527 τὸν
1711 3469 1819 3548 οῦφανδν
1833 3496 1858 3536 ος

225 3543 256 3610 οό
269 3552 315 3610 καί
327 3553 401 3618 πόλις
408 3555 462 3612 ἰκεῖ
476 3555 608 3632 Μίλητος,
623 3555 761 3621 δςΜίνωος
774 3555 998 3633 έπιστρατεύσαν-
1044 3556 1157 3613 ἀνελθεῖν
1173 3555 1215 3613 διδ
1228 3555 1276 3626 τὴν
1297 3555 1448 3623 ἀλαζονείαν
1470 3557 1566 3632 αὐτοῦ,
1582 3555 1758 3626 καταόληθείς
1769 3555 1820 3612 lini

224 3659 268 3704 τος
291 3638 395 3716 ἀπάρας
418 3643 466 3710 τῆς
485 3640 592 3719 Κρήτης
604 3641 746 3719 κατάγεται
769 3644 805 3708 εἰς
827 3639 924 3700 Λυδίαν
949 3645 997 3712 τῆς
1042 3645 1088 3700 τοῦ
1102 3647 1160 3700 θεοῦ
1173 3643 1246 3721 ἰντῇ
1263 3647 1297 3722 γῆ
1312 3642 1358 3702 σύν
1370 3665 1408 3722 τῳ
1420 3641 1495 3721 ίππῳ
1511 3643 1614 3713 ίπισιν,
1629 3647 1665 3708 ὠς
1676 3647 1723 3700 τοῦ
1736 3641 1819 3700 ἵππου

226 3865 384 3932 Ἀπόλλωνα,
392 3867 434 3920 καί
442 3868 522 3940 ίμεινε
532 3870 656 3938 παρθένος.
675 3893 685 3918 ι
701 3868 995 3939 11-ιε.ρτσιτήνςίκό-
1039 3861 1158 3922 ιποεείιιτ
1170 3871 1197 3922 in
1209 3869 1302 3924 ἰείιιείῖε
1313 3873 1413 3941 Lyram
1425 3871 1470 3940 qui
1479 3869 1570 3939 AEginli
1579 3871 1742 3924 Canninium
1752 3871 1819 3938 regis

217 3947 504 4014 ’νιτον...τυγχάνουσαν,
514 3948 566 4012 ῆτις
573 3947 719 4013 ἰόλόστησεν
726 3946 800 4017 ἀφρόν
810 3966 864 4000 τινα
872 3945 952 4002 codd.
964 3951 996 4000 Iu
1040 3963 1119 4016 gener
1130 3947 1180 4000 luit
1191 3965 1253 4000 cum
1266 3966 1351 4018 eoque
1362 3947 1396 4000 de
1409 3948 1520 4018 imperio
1530 3947 1633 4000 assidue
1649 3948 1769 4002 oemvil.
1783 3951 1819 4002 V.

227 4024 298 4090 Oila
312 4023 426 4092 ιλέγεται
436 4024 477 4076 καί
486 4024 535 4094 γὰρ
547 4023 595 4078 ἀπθ
605 4029 649 4077 τοῦ
658 4025 733 4095 ἀφροῦ
746 4025 837 4078 ἐκείνου
849 4026 996 4091 ἀναδοθῆναι
1039 4025 1132 4077 Conon
1142 4026 1246 4080 Narrat.
1261 4045 1286 4080 c.
1303 4043 1326 4078 1.
1344 4027 1355 4093 ΙΙ
1369 4055 1405 4066 -
1421 4029 1446 4082 8.
1469 4025 1578 4095 διορίζει]
1592 4025 1733 4094 διαχωρίζει
1750 4025 1784 4080 εἰ.
1806 4027 1818 4092 ΙΙ

223 4095 268 4162 τῆν
280 4097 391 4152 ἀκόνιτον
403 4100 467 4152 οὕτω
478 4101 629 4171 καλουμένην
640 4098 755 4171 βοτάνην,
769 4104 900 4172 θανάσιμον
910 4097 995 4155 οῦσαν.
1039 4129 1076 4142 -
1090 4100 1132 4154 13.
1143 4100 1191 4154 ἀπό
1210 4119 1273 4163 τινος
1288 4099 1399 4172 Ἐφεσίου
1417 4100 1555 4171 φιλοίένου,
1575 4099 1653 4154 ἐκεῖσε
1667 4101 1750 4164 ὄντας,
1765 4103 1820 4154 όθιν

223 4176 345 4228 Similiter
357 4177 417 4229 eod.
430 4183 462 4232 B.
478 4180 489 4246 ΙΙ
505 4208 542 4220 -
550 4183 594 4233 28.
612 4181 665 4232 κατ’
674 4179 763 4250 αἰετῶν]
775 4179 837 4232 κατὰ
847 4185 895 4232 τῶν
910 4180 996 4248 Καρῶν
1040 4187 1081 4238 καί
1094 4186 1150 4256 παρ’
1167 4184 1269 4256 Ὁμήρῳ
1281 4185 1320 4240 lai
1335 4185 1440 4257 Ἐφισον
1460 4185 1587 4240 στέλλεται
1600 4189 1687 4257 ⁸110.
1702 4186 1771 4238 Cum
1789 4187 1820 4238 ίίο

223 4255 347 4322 proponit
364 4255 473 4319 Βοαρίας
488 4258 573 4326 aptius
590 4255 656 4309 soret
668 4256 731 4309 κατίι
741 4258 824 4309 Λυδῶν
837 4257 878 4308 vel
895 4257 995 4311 Μυσῶν.
1031 4275 1099 4333 'quae
1112 4281 1161 4344 αρε
1172 4262 1293 4316 dedimus
1303 4263 1337 4316 nd
1349 4263 1457 4316 νστίιιεπι
1471 4263 1587 4316 concinit
1600 4263 1689 4332 Elym-
1703 4263 1743 4316 u.
1757 4279 1780 4314 ε.
1793 4279 1817 4315 ν.

223 4332 280 4398 Ego
293 4330 354 4382 κατὰ
364 4349 456 4384 vocem
468 4332 548 4386 deleri
560 4333 652 4398 velim,
666 4345 693 4388 et
703 4335 730 4388 in
741 4345 840 4386 ευίεοο.
851 4351 900 4404 pro
911 4333 998 4405 ἰατρέ·
1042 4341 1163 4411 Ἔφεσος,
1177 4361 1209 4396 σε
1224 4361 1279 4412 quo
1290 4359 1348 4412 quae
1359 4341 1481 4412 θεῖαοερε
1492 4343 1567 4394 uncis
1580 4340 1679 4394 indum
1689 4351 1766 4402 sunl.
1776 4341 1821 4394 εό·

222 4425 305 4460 τευσεν
325 4408 414 4462 malin
433 4407 621 4480 ἐστρατήγησεν.
643 4413 655 4480 ΙΙ
678 4439 714 4452 -
723 4412 778 4465 ¹31.
800 4411 942 4482 Θρφκῆσιοι]
959 4415 995 4468 V.
1040 4419 1122 4488 didiss
1134 4451 1169 4462 -
1183 4425 1224 4472 16.
1237 4422 1268 4472 In
1278 4421 1334 4472 aliis
1345 4419 1439 4488 legitur
1453 4435 1459 4471 :
1472 4419 1488 4484 ῆ
1501 4419 1539 4471 ότι
1549 4417 1641 4484 Θησέυς
1648 4419 1822 4488 συστρατεύσας

222 4486 388 4541 ommno.
402 4488 566 4558 Porphymg.
588 4491 629 4541 De
647 4488 756 4542 themu·
774 4506 798 4552 1.
819 4489 835 4540 ³
853 4497 882 4559 p:
903 4505 937 4542 ει
951 4491 995 4545 ed.
1045 4493 1451 4568 ἰεραιεειειειςιμεςσιεεοιι
1463 4495 1559 4561 τινος
1573 4493 1620 4550 νε.
1633 4498 1824 4564 (neuntio.

222 4562 629 4636 1³0¹111·ll··¹·Ol²¹⁰¹⁴’l1⁰⁵](3s·
649 4567 738 4635 suph.
765 4567 827 4635 Byz.
844 4583 871 4620 v·
891 4565 995 4631 θῖθνΰε,
1041 4571 1079 4634 ξεν
1099 4573 1173 4640 αῦτῆν
1198 4575 1342 4646 (Ephesum
1362 4573 1533 4644 Amazonem)
1549 4574 1608 4642 ἀχρι
1629 4573 1730 4636 Λυδίας,
1751 4570 1825 4628 κάκεῖ

223 4642 377 4694 Parthenius
391 4660 415 4696 c.
433 4659 475 4696 ει.
493 4644 503 4711 ΙΙ
517 4672 553 4686 -
567 4645 594 4700 5.
616 4645 715 4722 Λυκίαν]
729 4645 816 4696 Λυδίαν
833 4643 924 4710 codd.;
942 4664 995 4700 em.
1040 4655 1209 4721 καταφυγοῦσα
1221 4662 1271 4704 σου.
1288 4653 1299 4720 ΙΙ
1311 4681 1347 4691 -
1361 4655 1402 4706 18.
1412 4652 1500 4720 Elym.
1513 4653 1552 4704 M.
1568 4650 1774 4720 ιιιαταφυγοάσας
1784 4649 1823 4704 lul

223 4719 369 4771 Meinekins
381 4721 408 4771 io
422 4719 540 4775 Λαείεοε.
553 4722 627 4775 Alex.
642 4740 670 4792 p.
681 4723 743 4779 όιθ.
754 4725 817 4776 Post
826 4722 894 4775 hano
906 4741 996 4778 vooem
1040 4745 1095 4780 τινα
1115 4729 1198 4798 βωμόν
1215 4727 1365 4798 Ἀρτέμιδος,
1378 4729 1472 4782 δεῖσθαι
1489 4729 1608 4798 σωτηρίας
1625 4730 1720 4797 τυχεῖν·
1736 4727 1782 4794 τῆν
1796 4729 1821 4782 δέ

226 4794 253 4844 in
264 4795 395 4847 nonnuliis
406 4796 592 4866 librislegitur:
603 4800 644 4852 καί
653 4799 750 4868 λυριαδν
760 4799 844 4850 λαθὼν
854 4797 948 4852 Καῦνον
957 4801 999 4852 καί
1041 4803 1133 4875 ἐφεῖναι
1153 4805 1234 4867 αὐτοῖς
1255 4804 1299 4870 τὴν
1313 4805 1441 4874 σωτηρίαν·
1455 4805 1510 4858 ὅθεν
1523 4805 1630 4874 Ἔφεσον
1650 4805 1772 4872 κληθῆναι
1791 4805 1821 4860 τίν

225 4869 298 4922 αὖτὀν
309 4870 444 4940 ὠνόμασεν.
454 4875 526 4926 Forl.
540 4874 589 4928 lull
600 4876 641 4928 καί
653 4875 745 4944 Λύρκον
760 4875 843 4926 λαθὼν
854 4875 948 4928 Καῦνον
957 4876 998 4946 ἐφ’
1041 4882 1133 4952 χωρίον
1146 4883 1187 4934 καλ
1206 4882 1249 4948 τὴν
1265 4883 1371 4952 Ἄρτεμιν
1386 4881 1509 4950 Ἐφεσίαν.
1526 4883 1536 4948 ΙΙ
1550 4910 1586 4922 -
1596 4897 1640 4935 21.
1649 4881 1691 4936 Cs.
1704 4883 1779 4934 Noui
1793 4883 1819 4934 in

227 4945 312 4998 ἑαυτοῦ
331 4947 468 5017 ὠνόμασεν.
494 4951 581 5020 Vulgo
599 4962 686 5005 tumen
708 4954 747 5005 vel
769 4954 824 5023 ῖρεε
839 4954 944 5007 Caunus
958 4955 998 5008 vel
1041 4959 1125 5010 Procli
1140 4959 1346 5013 Ciunstomuhia
1360 4975 1367 5009 :
1382 4958 1413 5009 Οἱ
1424 4958 1450 5010 δὲ
1462 4958 1515 5026 περὶ
1524 4957 1657 5026 Κάλχαντα
1668 4957 1709 5009 καί
1718 4959 1820 5010 Λεοντία

226 5021 294 5076 filius
302 5023 358 5093 ejus
366 5026 477 5093 AEigialus
486 5029 577 5082 urbem
586 5030 732 5084 ooodidisoe
743 5029 871 5085 seruntur.
885 5033 998 5101 Lyrcum
1042 5034 1083 5086 καί
1093 5035 1247 5101 Πολυποίτην
1260 5037 1321 5105 πεζῇ
1328 5035 1480 5103 πορευθέντες
1489 5033 1522 5095 εἷς
1532 5035 1682 5104 Kolonnn,
1692 5034 1819 5104 TUP'll'l‘l

228 5110 350 5172 tunquam
370 5103 419 5154 loci
436 5123 531 5158 ιεοιειοιι
544 5108 648 5162 aliunde
661 5127 715 5162 non
731 5110 864 5171 novimus,
880 5109 925 5162 sed
943 5127 998 5164 me·
1044 5112 1147 5166 ἐνταῦθα
1155 5114 1330 5180 τελευτήσαντα
1340 5115 1480 5168 θάπτουσιν.
1495 5113 1505 5181 ΙΙ
1518 5142 1554 5154 -
1564 5113 1606 5166 3ι.
1617 5113 1820 5183 τὀνπφωτόγριον
