3884 5925
258 516 294 566 84
864 495 1036 556 DlONYSll
1059 494 1240 555 Bl'ZAllTll

256 636 377 690 lllocadic
394 635 458 689 dicit
471 636 646 688 lastinianum
658 629 783 701 templum
800 627 960 697 Archangelo
973 627 1034 680 adi·
1115 631 1136 679 A
1152 627 1222 678 flexu
1236 624 1410 696 promontorii
1424 619 1594 692 Argyronici,
1609 637 1662 690 quo
1676 619 1777 690 primus
1795 619 1871 673 Asiae

256 724 359 789 licasse,
375 742 429 778 non
446 723 553 775 inferius
568 721 623 773 aliis
642 719 747 772 duobus
769 717 871 787 templis
886 717 965 768 sacris
985 719 1035 767 Ar·
1080 711 1189 781 angulus
1201 709 1325 763 normalis
1336 708 1473 780 oppositus
1485 705 1581 775 angulo
1593 706 1723 778 Europaeo
1735 705 1871 777 appdlato

256 810 397 881 changelo,
421 825 535 880 quorum
559 808 670 859 alterum
697 814 757 856 ante
778 802 832 854 dixi
849 803 1035 854 ‘Justinianum
1079 796 1238 868 Bathycolpo
1254 793 1399 866 quadratur
1413 802 1441 845 et
1461 791 1646 864 perficitur,et
1665 808 1719 861 quo
1730 793 1872 861 Bosporus

256 899 431 951 construxisse
442 895 517 966 juxta
531 893 742 966 promontorium
754 892 868 955 Bestias,
885 889 994 961 alterum
1009 891 1036 941 in
1080 882 1189 936 tendens
1202 881 1235 936 ad
1247 898 1369 934 οοαιειιιιι
1380 879 1495 932 flectitur
1507 877 1541 932 ad
1557 880 1701 943 orientem,
1715 877 1788 930 littus
1800 879 1871 930 Bos-

255 986 388 1038 contrario
401 983 486 1036 littore
502 999 508 1034 ι
527 997 676 1052 quanquam
691 997 722 1031 cx
736 977 829 1032 ordine
845 977 965 1046 Procopii
979 978 1035 1028 Mo·
1079 971 1138 1040 pori
1150 970 1293 1022 Asiaticum
1303 977 1417 1037 quatuor
1425 966 1497 1018 sinus
1507 963 1633 1028 admittit,
1650 973 1793 1033 antequam
1806 980 1873 1016 rur·

255 1069 349 1122 cadion
359 1068 437 1122 sitisse
450 1066 553 1120 ridetur
566 1067 634 1118 inter
646 1064 821 1136 Argyronium
832 1072 858 1114 et
869 1063 981 1115 Fanum.
1002 1069 1037 1114 At
1081 1073 1125 1107 sus
1146 1063 1313 1107 convertatur
1335 1050 1369 1104 ad
1391 1066 1512 1103 occasum
1533 1065 1539 1101 :
1562 1066 1680 1119 quornm
1704 1050 1805 1119 primos
1829 1057 1874 1100 est

256 1175 288 1208 ex
309 1156 428 1226 Dionysii
444 1153 528 1206 verbis
551 1152 718 1220 intelligimus
741 1160 800 1220 post
821 1149 998 1220 Argyronium
1012 1158 1038 1201 et
1081 1142 1217 1212 Syciasive
1229 1138 1384 1192 Monocolns
1398 1135 1552 1209 appellatus,
1569 1134 1681 1206 amplus,
1696 1132 1802 1187 littoreo
1814 1134 1872 1185 cir·

254 1240 350 1294 lectum
370 1238 488 1292 Herculis
504 1248 529 1290 et
544 1236 717 1308 Nymphaeum
735 1244 761 1287 et
781 1236 899 1287 Laurum
918 1234 1036 1285 insanam
1081 1229 1155 1281 cuitu
1170 1227 1282 1281 molliter
1294 1225 1362 1279 flexo
1380 1224 1438 1296 plus
1456 1223 1511 1276 duo
1524 1221 1643 1275 milliaria
1663 1220 1870 1292 complectens:

255 1325 334 1379 fuisse
346 1327 433 1377 sinum
451 1321 675 1394 Moucaporidem.
712 1323 839 1374 Praeterea
854 1320 986 1371 noscimus
1005 1336 1036 1370 ex
1081 1312 1155 1384 cujus
1172 1330 1252 1385 supra
1265 1311 1382 1369 medium
1395 1311 1493 1364 flexum
1511 1321 1551 1363 est
1568 1309 1627 1362 lons
1644 1311 1767 1379 perennis
1787 1309 1871 1378 Sycia

148 1467 154 1476 .
256 1409 394 1463 antedictis
405 1410 540 1480 Dionysii,
556 1410 672 1460 laurum
688 1403 845 1458 insanam'et
857 1406 943 1457 sinum
956 1407 1037 1474 Amy·
1081 1401 1382 1474 appellatusaproxima
1394 1397 1456 1452 ficu.
1493 1399 1561 1451 Cum
1574 1396 1608 1450 ad
1621 1397 1693 1449 hunc
1707 1395 1809 1449 sontem
1824 1414 1872 1448 ac-

256 1513 317 1548 cum
328 1494 383 1548 duo
395 1495 450 1548 lom
463 1495 636 1546 asseintcrsc
649 1501 779 1562 separata,
794 1507 889 1560 nempe
902 1491 970 1542 inter
983 1489 1039 1560 ipsa
1081 1489 1263 1550 cessissemus,
1292 1497 1320 1540 et
1346 1487 1450 1539 laurum
1480 1485 1592 1538 vicinam
1626 1483 1867 1554 decerpsissemns,

255 1579 421 1634 intercedunt
432 1579 598 1649 Moucaporis
609 1577 681 1629 sinus
695 1587 721 1628 et
733 1575 944 1646 promontorium
957 1577 1037 1627 Aeto·
1082 1592 1192 1646 eamque
1203 1574 1231 1626 in
1245 1574 1377 1642 navigium
1386 1571 1570 1634 attulissemus,
1583 1579 1623 1622 tot
1636 1569 1819 1622 contentiones
1829 1570 1873 1621 io·

256 1666 391 1736 rynchon;
412 1665 457 1718 ubi
477 1681 540 1716 vero
564 1661 676 1726 luerint,
698 1679 731 1713 ex
748 1659 899 1713 nominibus
918 1660 1038 1713 locorum
1082 1671 1123 1713 ter
1135 1661 1245 1730 remiges
1260 1670 1286 1712 et
1301 1667 1416 1710 vectores
1432 1666 1529 1708 exorte
1549 1665 1625 1716 sunt,
1639 1663 1669 1707 ιιι
1686 1663 1807 1725 putarem
1820 1653 1872 1725 Sy-

256 1753 336 1824 hujus
349 1753 430 1805 aetatis
442 1751 542 1821 assequi
558 1767 611 1802 non
630 1749 721 1819 potui,
739 1745 931 1817 quantumlibet
944 1747 1038 1799 iterum
1082 1748 1150 1800 ciam
1161 1745 1224 1800 olim
1236 1743 1389 1818 appellatam
1404 1743 1482 1796 fuisse
1499 1732 1650 1812 lreydvouv'
1665 1738 1712 1806 (id
1725 1751 1780 1805 est,
1794 1743 1870 1793 Iau-

259 1851 285 1891 et
298 1839 391 1910 saepius
408 1838 457 1891 hac
473 1835 506 1889 de
528 1851 605 1886 causa
619 1833 729 1886 obierim
742 1843 828 1884 totum
841 1831 914 1884 littus
926 1832 1039 1902 Bospori
1083 1850 1143 1884 rum
1155 1833 1271 1884 insanam
1283 1831 1292 1902 )
1302 1869 1310 1894 ,
1322 1839 1353 1882 ut
1364 1828 1476 1899 appellat
1491 1827 1642 1897 Dionysius.
1672 1825 1722 1879 Sed
1738 1827 1872 1879 Arrianus

260 1925 420 1987 Asiaticum,
436 1937 545 1990 nequeo
557 1935 689 1990 quoquam
702 1928 763 1970 nato
776 1935 808 1969 ex
828 1916 956 1986 indigenis
972 1917 1039 1969 anti·
1082 1918 1178 1970 iterum
1193 1935 1235 1970 me
1245 1917 1365 1978 retinuit,
1383 1932 1444 1968 cum
1455 1913 1492 1966 ait
1503 1915 1621 1966 Laurum
1635 1914 1753 1964 insanam
1765 1911 1869 1964 distare

259 2012 318 2082 quis
339 2011 479 2080 quicquam
493 2005 635 2076 intelligere
656 2005 740 2075 potui.
777 2005 844 2056 Nam
865 2021 970 2069 omnes,
993 2005 1039 2075 qui
1083 2005 1182 2056 aFuno
1203 2001 1373 2073 quadraginta
1392 1998 1489 2064 stadia,
1510 2016 1571 2051 nam
1589 1998 1663 2069 Sycia
1680 1997 1757 2067 longe
1778 1998 1873 2050 minus

256 2094 414 2166 jamdudum
426 2093 547 2146 accolunt
557 2093 719 2161 Bosporum,
735 2089 866 2159 peregrini
880 2100 956 2154 sunt;
970 2087 1039 2141 indi·
1083 2090 1171 2144 distat.
1209 2089 1279 2144 Alter
1290 2089 1363 2140 sinus
1376 2105 1391 2140 a
1404 2089 1463 2139 sinu
1478 2087 1553 2158 Sycia
1572 2084 1699 2138 dividitur
1712 2095 1872 2156 promonto-

260 2199 331 2248 genae
347 2197 409 2232 vcro
422 2188 497 2249 capta
516 2174 740 2245 Constantinopoli
755 2192 787 2228 ex
805 2177 923 2246 Bosporo
936 2172 1040 2244 aufuge·
1083 2181 1124 2232 rio
1143 2179 1278 2232 nominato
1296 2175 1417 2240 Turcot,
1434 2175 1461 2226 in
1483 2191 1562 2245 quem
1582 2172 1690 2243 quidem
1705 2174 1792 2225 sinum
1814 2189 1874 2224 me·

260 2278 339 2330 runt,
354 2277 381 2318 et
393 2265 442 2316 vici
457 2273 502 2316 ιιιιι
514 2263 597 2314 exusti
611 2272 657 2313 aut
666 2259 714 2314 diu
731 2261 826 2314 deserti
838 2272 1041 2324 manserunt,et
1085 2263 1160 2317 dium
1182 2261 1328 2333 ingreditur
1345 2262 1467 2334 perennis
1488 2261 1616 2325 fluviuss,
1642 2277 1745 2312 sermm
1765 2259 1871 2324 molas,

259 2353 358 2424 aliquot
378 2362 437 2423 post
456 2368 539 2404 annos
561 2347 738 2419 alonginquis
758 2347 909 2400 nationibus
924 2346 1041 2400 barbaris
1084 2351 1207 2424 paludem
1234 2350 1348 2404 efficiens
1370 2367 1515 2402 muncrum
1542 2347 1605 2402 siim
1629 2357 1739 2412 tectam,
1766 2346 1872 2399 habens

260 2438 328 2492 bello
343 2439 455 2492 subactis
465 2446 577 2506 agrestes
588 2435 704 2506 agricola
714 2433 819 2487 abducti
829 2445 890 2488 sunt
902 2434 934 2488 ad
944 2435 1041 2506 Bospo-
1084 2440 1192 2504 ostium,
1202 2437 1274 2509 qnod
1287 2437 1427 2510 ponticulis
1438 2435 1575 2506 trajicitur,
1586 2435 1705 2505 delapsus
1716 2432 1874 2504 pervellem

261 2544 319 2578 turn
334 2523 518 2588 accolentium,
533 2534 564 2577 ut
577 2541 668 2576 omnes
681 2521 760 2594 hujus
772 2523 854 2574 aetatis
867 2522 960 2575 acoolae
978 2523 1040 2575 Bos·
1085 2542 1225 2589 amoenam,
1239 2524 1353 2595 planam,
1364 2524 1453 2594 inqua
1467 2523 1529 2592 regii
1542 2521 1613 2575 horti
1624 2519 1874 2590 cumregiavilla¹⁰

260 2615 318 2685 pori
330 2615 382 2666 sint
394 2621 438 2665 ιιιιι
450 2610 581 2682 peregrini
589 2620 634 2662 aut
644 2610 840 2680 peregrinorum
851 2606 908 2662 filii.
945 2611 1043 2662 Praeter
1085 2611 1240 2665 adumbrata
1257 2609 1327 2662 silvis
1347 2625 1408 2661 cum
1422 2607 1531 2660 aliarum
1550 2606 1693 2672 arborum,
1713 2615 1772 2658 tum
1785 2604 1874 2657 maxi·

261 2699 316 2752 hacc
324 2694 491 2752 incommoda
502 2696 554 2750 huc
561 2693 740 2748 acceditaliud
749 2691 957 2756 incommodum,
968 2693 1041 2764 quod
1086 2683 1189 2752 marum
1209 2697 1383 2770 platanorum.
1420 2697 1452 2747 ln
1467 2694 1518 2746 hoc
1530 2694 1604 2758 sinu,
1618 2711 1697 2764 quem
1707 2692 1763 2762 jam
1781 2691 1875 2746 Graeci

263 2785 372 2855 Bospori
393 2783 464 2835 littus
486 2780 629 2835 Asiaticum
651 2780 727 2848 regiis
749 2779 837 2832 viretis
862 2790 946 2834 totum
962 2778 1043 2834 sume
1086 2783 1345 2855 appellantancon,
1359 2778 1728 2849 existitscalaligoeass,qua
1736 2796 1874 2832 maoram

264 2879 419 2938 occupatum
435 2877 491 2930 cst,
506 2866 639 2919 exstinctis
650 2875 676 2916 et
689 2861 808 2916 funditus
824 2862 913 2916 deletis
930 2865 1043 2933 antiquis
1086 2870 1166 2921 maris
1177 2867 1297 2921 aedom
1309 2865 1439 2938 trajiciens
1451 2862 1586 2917 descendit
1598 2865 1625 2916 in
1641 2863 1742 2918 hortos.
1763 2863 1875 2916 Tertius

265 2954 344 3018 vicis,
373 2964 402 3005 ιιι
418 2970 451 3005 ue
469 2952 589 3005 vicorum
609 2947 715 3019 quidem
734 2950 870 3019 quisquam
885 2947 940 3018 jam
958 2958 1044 3002 teneat
1086 2957 1159 3009 tinus
1167 2954 1289 3026 deinceps
1296 2954 1393 3019 entim,
1402 2952 1649 3023 interpositotamen
1656 2951 1874 3023 promontorio¹¹

264 3038 388 3091 nomina?
417 3040 508 3107 Itaque
521 3034 555 3088 ad
566 3034 728 3106 conjecturas
745 3044 896 3087 convertere
910 3052 952 3086 me
965 3052 1043 3105 opor·
1088 3044 1170 3095 vineis
1178 3040 1372 3113 pleno,abima
1381 3050 1455 3112 parte
1463 3048 1569 3111 petroso
1578 3037 1747 3109 subsequitur
1756 3036 1874 3109 φμῃι.

265 3126 326 3177 tuit.
363 3126 452 3177 Primo
472 3120 641 3191 conjiciebam
657 3122 772 3173 laurum
790 3122 906 3173 insanam
921 3119 999 3173 luisse
1016 3120 1043 3172 in
1087 3128 1260 3181 tusaTut-cis
1273 3127 1394 3179 &nonni
1405 3122 1438 3189 ¹³,
1452 3124 1480 3176 id
1492 3134 1540 3189 cst,
1554 3141 1609 3176 nux
1616 3122 1730 3195 juglans,
1743 3122 1873 3177 aGraecis

265 3210 382 3263 vallicula
401 3208 468 3261 divae
487 3208 647 3287 Galatlrinae,
669 3206 749 3277 idque
769 3208 805 3259 ita
829 3206 993 3277 colligebam,
1015 3218 1045 3260 nt
1088 3214 1208 3267 Ammtl
1220 3214 1274 3265 sive
1290 3214 1437 3264 Μιιιιιοιιειι
1446 3209 1527 3262 Scala.
1546 3213 1662 3277 Quartus
1679 3211 1780 3281 positus
1788 3218 1829 3261 est
1844 3208 1873 3261 in

266 3298 353 3348 sinum
364 3291 579 3364 Moucaporidem
597 3290 820 3345 accommodarem
832 3292 901 3343 sinui
912 3290 967 3362 jam
984 3303 1045 3345 ante
1088 3299 1184 3368 angulo
1197 3298 1398 3366 soltaniae‚'qno
1411 3298 1544 3365 Bosporus
1558 3295 1669 3348 tendens
1683 3293 1716 3348 ad
1726 3295 1872 3358 orientem,

264 3383 401 3437 nominato
410 3378 564 3443 Monooolot
577 3395 655 3449 quem
666 3394 727 3431 cum
739 3378 911 3449 perspicerem
921 3395 1044 3447 magnum
1088 3384 1249 3436 convertitur
1259 3380 1291 3435 ad
1302 3398 1432 3447 occasum,
1441 3397 1546 3451 quoque
1555 3379 1664 3449 angulus
1670 3380 1738 3435 Asiae
1746 3378 1875 3432 normalis

264 3478 292 3521 ct
305 3467 383 3536 longo
401 3462 496 3517 littoris
510 3464 580 3515 llexu
596 3462 760 3515 incurvatum
778 3463 805 3514 in
821 3460 931 3515 sormam
955 3462 1043 3526 lalcis,
1088 3467 1200 3521 efficitur
1219 3468 1353 3538 oppositus
1373 3465 1468 3535 angulo
1492 3464 1621 3535 Europaeo
1643 3476 1797 3536 nuncupato
1817 3462 1874 3517 ρο.

265 3552 435 3622 legisscmque
445 3548 516 3621 apud
527 3549 655 3601 incertum
676 3546 850 3617 scriptorem⁶
863 3549 949 3600 sinum
972 3550 1047 3600 Mou-
1089 3553 1200 3607 marodi.
1237 3551 1316 3604 ilunc
1332 3561 1455 3621 quartum
1475 3550 1562 3602 sinum
1580 3549 1756 3603 essePaludes
1773 3550 1875 3605 similer

264 3637 417 3710 caporidem
432 3646 521 3707 postea
539 3638 692 3705 Drepanum
708 3634 865 3706 appellatum
884 3635 980 3700 luisse,
1000 3635 1045 3688 de·
1089 3638 1252 3709 Byzantinis,
1271 3653 1336 3706 quas
1349 3636 1491 3706 Dionysius
1512 3636 1588 3705 ponit
1600 3646 1661 3705 post
1677 3637 1766 3687 sinum
1790 3638 1875 3707 Amy·

266 3722 461 3777 scendcbamin
475 3738 532 3773 cam
545 3722 709 3791 opinionem,
726 3731 755 3773 ut
772 3730 892 3790 putarem
907 3720 1046 3773 huncesse
1089 3743 1165 3788 cum,
1191 3723 1270 3794 paulo
1291 3721 1359 3775 infra
1383 3721 1544 3775 ostendam:
1568 3738 1622 3791 quo
1644 3723 1749 3791 cognito
1771 3720 1875 3775 facilins

266 3810 441 3873 lllonocolon,
457 3818 484 3860 et
494 3808 705 3879 promontorium
720 3807 915 3878 Aetorynchum
927 3826 982 3860 esse
989 3807 1046 3877 jam
1089 3826 1256 3879 assequemur
1278 3826 1361 3861 unum
1387 3825 1442 3861 esse
1458 3812 1587 3879 Amycum
1607 3825 1641 3860 ex
1661 3808 1745 3861 tribus
1763 3808 1876 3879 reliquis

266 3897 344 3966 vulgo
366 3905 548 3965 nuncupatum
577 3896 705 3947 Turnum.
743 3892 793 3945 Sed
818 3894 944 3947 Arrianus
965 3895 1044 3959 (Per.
1090 3895 1199 3950 sinibus.
1223 3899 1339 3966 Amycus
1351 3890 1558 3948 sinnsessenon
1569 3904 1654 3966 potest
1667 3894 1709 3948 ille
1722 3894 1777 3965 ipse
1789 3912 1874 3967 quem

268 3987 344 4038 Pont.
361 3984 442 4053 537)
462 3999 505 4034 me
518 3982 640 4045 retinuit,
655 3979 761 4033 uadens
774 3980 803 4030 in
823 3996 872 4031 sno
885 3978 986 4050 periplo
1002 3980 1045 4030 lil-
1090 3980 1269 4052 diriprimum
1282 3982 1446 4035 nominatum
1455 3981 1623 4034 Monooolon.
1659 3982 1727 4035 Na'm
1739 3984 1809 4035 inter
1820 3986 1873 4036 Ar·

162 4104 164 4107 -
265 4071 364 4143 thyniae
386 4072 486 4127 aFano
505 4070 577 4121 Jovis
589 4067 622 4120 ad
641 4077 748 4138 portum
761 4068 861 4118 laurio
879 4066 976 4118 insanae
992 4084 1047 4117 asse
1091 4068 1229 4137 gyronium
1240 4076 1344 4137 oportet
1356 4082 1412 4119 esse
1428 4065 1644 4137 Mouneporidem
1659 4068 1746 4119 sinum
1757 4068 1875 4139 profon-

266 4156 439 4226 quadraginta
459 4152 552 4211 stadia.
590 4160 625 4205 At
644 4151 711 4204 divae
739 4150 882 4203 Galathinae
904 4148 976 4203 vallis
992 4169 1045 4203 non
1090 4151 1165 4218 dum,
1180 4165 1333 4224 portuosum
1348 4170 1354 4205 :
1369 4164 1396 4206 at
1409 4150 1683 4206 interllooocolouet
1696 4154 1873 4224 Argyronium

269 4242 346 4293 distat
361 4259 376 4292 a
389 4241 462 4293 Fano
482 4238 572 4307 viginti
588 4234 864 4306 stadia;quamobrem
885 4252 917 4287 ex
934 4236 1047 4289 Arriano
1093 4239 1178 4291 nullus
1201 4239 1259 4292 talis
1281 4240 1375 4291 existit.
1414 4238 1590 4307 Relinquitur,
1613 4249 1643 4290 ut
1661 4238 1734 4291 sinus
1756 4241 1875 4309 Amycus

270 4330 385 4381 Laurum
398 4328 514 4378 insanam
526 4324 647 4379 convenit
656 4342 711 4377 esse
719 4322 787 4374 ultra
799 4320 961 4376 Galathinam
971 4323 1047 4392 longe
1091 4326 1124 4376 sit
1140 4333 1185 4376 aut
1201 4326 1273 4376 sinus
1289 4321 1435 4385 secundus,
1450 4324 1477 4375 in
1489 4340 1567 4392 quem
1579 4321 1672 4375 defluit
1683 4324 1753 4375 rivus
1766 4340 1876 4377 versans

269 4412 380 4482 amplius
394 4409 483 4479 viginti
493 4410 591 4462 stadiis.
629 4410 728 4460 Verum
742 4418 772 4459 ut
787 4408 850 4459 situs
868 4407 985 4460 locorum
996 4409 1047 4462 cla·
1092 4408 1243 4472 moletrina,
1256 4420 1301 4461 aut
1311 4409 1411 4472 tertius,
1423 4423 1503 4478 quem
1514 4408 1598 4460 Graeci
1609 4408 1739 4479 appellant
1750 4409 1872 4462 Amnum

271 4497 325 4548 rius
348 4496 391 4548 liat
404 4496 569 4565 perspicuus,
589 4492 731 4561 designabo
750 4493 843 4547 littoris
860 4494 931 4545 sinus
948 4504 975 4545 et
987 4511 1048 4565 pro-
1091 4512 1106 4547 a
1124 4494 1231 4565 petra¹⁵
1244 4502 1316 4547 extra
1330 4510 1423 4563 aquam
1443 4494 1582 4556 eminenti,
1604 4494 1704 4561 gerenti
1724 4494 1876 4547 similitudi-

271 4582 410 4633 montoria.
855 4596 859 4601 ·
1092 4592 1151 4634 nem
1166 4580 1291 4645 mulieris,
1303 4575 1350 4643 τῆς
1364 4573 1442 4647 μαίας
1457 4594 1463 4627 1
1480 4579 1526 4633 sed
1537 4580 1629 4645 altius,
1647 4592 1678 4634 ut
1690 4581 1795 4653 opinor,
1805 4582 1879 4635 deei-

308 4772 334 4819 6.
350 4764 432 4836 Apud
449 4764 573 4817 incertum
592 4763 760 4834 scriptorem]
776 4764 890 4829 Quinam
909 4764 950 4816 ille
971 4764 1049 4817 luerit
1093 4767 1204 4820 meridie
1216 4765 1332 4835 subjacet
1350 4766 1485 4819 latit-tot.
1500 4769 1512 4836 ΙΙ
1527 4796 1564 4809 -
1584 4769 1625 4821 13.
1647 4770 1785 4839 Becoussr']
1807 4770 1874 4822 hod.

273 4846 359 4897 diccre
373 4842 530 4895 nonhabeo.
1002 4868 1030 4908 κ
1094 4848 1152 4900 baie
1166 4846 1198 4899 de
1213 4846 1309 4899 Beicos.

310 4942 335 4991 7.
350 4922 501 4990 Ψυχόιοιιι]
514 4938 564 4971 vox
577 4919 637 4972 alibi
648 4936 700 4971 non
710 4919 804 4983 obvia,
817 4929 944 4989 quantum
958 4922 1046 4973 sciain.
1131 4932 1169 4988 ll·
1193 4926 1301 4993 Ammo]
1315 4921 1386 4974 lnlra
1395 4922 1490 4989 legitur
1503 4923 1584 4975 Amin
1599 4924 1656 4977 site
1667 4926 1771 4977 lamio.

310 5004 335 5053 8.
360 4998 460 5067 Tamo]
478 4997 540 5049 hod.
561 4996 630 5049 Selnr'
648 4998 774 5049 Βοιιιοιιιι.
795 4999 805 5065 ll
829 5002 865 5037 -’-
881 5014 912 5049 ιο
929 4999 1049 5068 perennis
1132 5004 1172 5055 15.
1193 5006 1218 5054 A
1230 5003 1322 5073 petra]
1335 5000 1548 5054 llancintabulis
1560 5020 1613 5055 non
1626 5005 1742 5060 invenio.
1755 5006 1877 5059 Fortasse

275 5078 384 5149 uncins]
408 5076 527 5130 Kutcltul
544 5075 635 5128 derasi.
658 5074 700 5129 Ab
714 5075 763 5128 hoc
783 5092 837 5128 non
854 5076 929 5144 longe
951 5075 1050 5129 distans
1094 5098 1163 5132 rtunc
1175 5082 1319 5133 continenti
1328 5079 1436 5149 junctus
1452 5090 1492 5133 est
1507 5082 1535 5132 in
1550 5081 1608 5133 loco
1623 5082 1669 5135 ubi
1684 5082 1811 5135 Moltlrius
1830 5101 1877 5136 oo·

276 5160 340 5213 alius
358 5156 452 5209 iluvius
472 5156 499 5207 in
518 5152 630 5207 eundem
650 5155 737 5206 sinum
757 5155 819 5208 exit.
837 5154 848 5222 ll
863 5184 899 5195 -
921 5170 952 5207 ιο
972 5156 1050 5221 Regia
1093 5166 1130 5208 tat
1142 5157 1168 5208 in
1181 5174 1251 5208 marc
1264 5166 1461 5226 procurrentem
1470 5160 1691 5226 contignationem
1703 5160 1820 5230 piscibus
1829 5180 1875 5215 ca·

276 5236 358 5306 nilla]
372 5231 597 5287 tter-tanetum.
610 5235 621 5301 ΙΙ
631 5262 665 5273 -
675 5248 715 5283 ιι.
724 5232 797 5284 scala
807 5234 876 5302 ete]
890 5231 952 5285 hod.
968 5234 1050 5285 Οιιιιι-
1093 5234 1195 5307 picodis
1207 5246 1307 5305 aptam,
1322 5235 1407 5288 tollam
1421 5236 1572 5290 Keil-lune.

278 5316 328 5371 lar
344 5331 366 5366 s.
381 5311 504 5382 Htmljor
516 5310 638 5363 islclesst'.
654 5311 663 5377 ΙΙ
677 5339 711 5349 -
726 5325 767 5361 12.
779 5308 970 5379 pmrnontorio]
982 5311 1050 5363 cuia
