3884 5925
627 449 805 514 ANAPLUS
825 453 988 520 ROSPORl
1009 459 1182 522 raason.
1675 482 1718 536 tt

115 575 219 647 gaideri
232 575 356 648 priam,
370 577 452 634 mairo
465 578 550 634 iaisor
561 577 703 644 seimus,
718 582 794 638 umbo
807 584 897 658 appel·
941 587 1087 644 ubertaism
1110 593 1260 663 pstionum
1279 609 1364 665 usqae
1387 593 1454 650 adeo
1472 595 1672 665 extollentibus,
1692 611 1722 656 ut

115 661 193 715 latio
206 661 493 734 similitudinefiguroe.
941 693 1022 746 opere
1030 677 1237 732 subterraneoin
1249 680 1426 735 celebreillud
1437 683 1590 738 omoohium
1598 686 1720 756 Gregorii

149 751 212 802 Hire
220 750 329 821 quidem
337 751 474 826 locaponit
487 755 628 826 Dionysius
637 755 724 810 media
734 759 803 812 inter
812 762 895 830 Lyca·
940 761 1129 834 ‘l'nanmaturgi
1142 765 1325 820 suburbanum
1334 767 1507 822 Neooesarea
1520 769 1561 824 lac
1576 769 1722 827 dadacum

114 835 755 916 diumetChrysopnlim.Pliniiis(5,ii,siio)
770 847 806 899 ait
820 846 896 900 Ultra
943 845 1023 902 inisse
1038 847 1158 918 jactitare
1181 869 1237 905 non
1258 852 1396 921 desinant,
1421 857 1543 927 viamque
1568 858 1721 924 ostenrhnt,

115 921 275 976 aucam
291 925 536 998 thsopoli'ssuin
548 925 640 980 driade
653 928 803 1001 Nicopolis,
816 948 896 1002 aqiio
942 953 1022 1005 quam
1034 937 1061 988 in
1072 937 1146 990 bunc
1167 938 1239 992 diem
1256 957 1302 993 sua
1314 940 1402 1010 lingua
1415 943 1544 1013 appellent
1557 946 1625 998 riam
1638 945 1721 1000 lactis.

114 1025 204 1061 annea
215 1008 359 1062 etiamnum
370 1011 445 1064 sirius
454 1011 563 1076 retinet,
581 1013 608 1065 iii
623 1030 674 1084 quo
685 1023 780 1086 portus
793 1015 878 1069 Arari
889 1028 895 1052 ¹
943 1023 1005 1073 Post
1028 1023 1174 1076 Manoliurn
1195 1025 1284 1078 sinum
1297 1025 1420 1098 deinceps
1440 1031 1561 1099 sequitur
1574 1030 1647 1084 locus
1658 1033 1724 1086 aitua

114 1091 255 1165 [Amicii]
272 1094 333 1147 deiri
352 1095 515 1150 Naulochum
532 1097 748 1168 promontorium.
772 1101 813 1152 Ex
826 1111 898 1152 ante·
939 1103 1015 1175 justa
1038 1108 1224 1172 Neocastrum,
1245 1127 1324 1180 quem
1345 1113 1488 1166 Piscatores
1508 1111 1638 1186 appellant
1657 1119 1723 1172 Cair-

111 1175 188 1230 dictis
199 1179 321 1250 Dionysii
330 1181 451 1234 existimo
459 1179 598 1253 depravate
606 1182 654 1252 legi
665 1183 692 1235 in
702 1183 787 1236 Plinio
798 1185 899 1240 Nuulo-
943 1192 1015 1245 mion
1029 1193 1042 1235 ⁴
1054 1192 1089 1246 ab
1101 1193 1214 1258 ubere,
1229 1205 1259 1248 ut
1271 1197 1319 1268 ipsi
1334 1207 1445 1268 putant,
1458 1216 1518 1269 qua
1534 1200 1570 1253 ibi
1585 1201 1655 1254 nulla
1666 1203 1725 1256 talia

111 1261 899 1342 ciim,roettustegendnmaseivanimaciiim.1timquod
943 1287 999 1342 est,
1014 1279 1205 1348 ignorantesse
1218 1280 1372 1350 depravasse
1383 1285 1532 1338 Cironium.
1570 1286 1651 1354 Quod
1661 1305 1723 1342 cum

111 1349 270 1404 Hermolaus
285 1351 417 1406 interdum
434 1364 521 1406 censet
538 1353 586 1422 legi
603 1371 692 1426 posse,
711 1374 764 1409 non
785 1361 884 1423 Anirci
892 1399 901 1424 ,
942 1381 975 1416 ex
987 1365 1081 1419 ordine
1095 1368 1189 1438 Anapli
1209 1371 1362 1440 Dionysiani
1377 1370 1455 1425 luisse
1466 1373 1537 1444 apud
1552 1375 1723 1430 Neocastrum

110 1433 156 1485 “d
166 1435 265 1498 llari.
281 1438 363 1490 &¹¹⁰⁵
373 1437 527 1490 Sfflbffleffl
537 1439 580 1510 (P-
599 1439 649 1490 5⁶3
659 1442 670 1508 )
681 1440 854 1505 ”ribemunt
871 1444 899 1496 5¹¹
944 1451 1088 1504 Asiaticum
1099 1452 1209 1522 colligo,
1226 1464 1284 1507 tum
1297 1473 1330 1508 ex
1346 1456 1451 1510 scholiis
1463 1458 1621 1528 quibusdam
1632 1479 1724 1532 pei-an·

111 1535 158 1570 ore
176 1521 256 1573 Ponti
276 1539 332 1576 asse
349 1523 530 1594 Chrysopolim
551 1535 578 1576 et
590 1523 680 1576 fenum
694 1525 899 1580 Chiioedonium
943 1537 1024 1606 tiquis
1049 1538 1076 1590 in
1100 1539 1257 1610 Dionysium
1284 1542 1438 1612 wiptorein
1464 1543 1537 1596 orbis
1561 1544 1725 1600 tradentibus

112 1615 138 1656 et
159 1606 315 1674 regionem,
336 1625 395 1679 quc
408 1607 486 1661 habet
507 1608 585 1680 paulo
607 1625 687 1680 supra
705 1627 778 1664 marc
800 1609 899 1664 iontem
943 1625 1070 1678 mim„
1092 1625 1202 1698 ⁸⁰⁸P⁰¹i
1227 1629 1359 1696 agniti„
1382 1645 1438 1682 ω
1460 1631 1529 1683 ima
1549 1632 1679 1702 Ampium
1697 1645 1726 1688 g

112 1693 260 1746 manuum
279 1701 459 1760 nominatum,
480 1699 526 1767 qui
546 1695 692 1750 crocodilos
713 1714 807 1768 parvos
825 1697 871 1752 alit
891 1717 897 1752 ι
942 1711 1092 1767 (timim,
1128 1713 1182 1767 Ubi
1197 1731 1260 1768 m
1277 1725 1344 1770 m
1360 1716 1493 1788 Ampius,
1512 1717 1640 1784 dimi-ui,
1662 1737 1724 1773 eum

113 1777 220 1834 idmihi
235 1781 395 1834 ssiiilfflioe
417 1784 552 1836 Nmii'i
566 1783 688 1836 inssufflii
708 1785 735 1836 in
751 1786 899 1856 Boepffl'lim
942 1807 1081 1853 mrem
1105 1803 1318 1872 mummium
1343 1803 1455 1857 Batia,
1500 1804 1610 1858 Flumen
1635 1816 1725 1860 autem

112 1865 192 1919 bodie
209 1869 349 1922 nominato
368 1871 481 1924 Enarete
499 1871 553 1922 sire
565 1874 644 1924 Arete
661 1881 682 1935 ¹,
698 1881 777 1942 atque
796 1890 827 1925 ex
842 1873 900 1926 loco
942 1885 1042 1950 Am,
1055 1885 1129 1957 quod
1145 1888 1227 1940 Μ
1242 1897 1337 1942 emt
1356 1891 1451 1942 loeson
1470 1889 1493 1952 ὅ,
1516 1889 1544 1942 id
1559 1901 1615 1955 est,
1629 1909 1725 1962 aquam

112 1951 200 2004 vicino
209 1952 340 2024 appellato
351 1953 442 2026 Naple,
459 1953 592 2008 interdum
602 1955 742 2008 verisimile
752 1955 898 2023 ridebatur,
943 1969 1070 2033 viridia,
1085 1972 1283 2043 mnam.
1299 1973 1475 2028 „nimand
1486 1993 1623 2040 mum,
1638 1977 1728 2046 iugi-0,
1800 1949 1804 1959 ,

112 2039 275 2090 existimanti
301 2039 410 2092 iortasse
428 2039 527 2112 Napleii
549 2052 704 2112 corruptum
722 2044 796 2113 quasi
821 2045 900 2097 Nico·
943 2053 1018 2108 ditur
1036 2057 1184 2128 floepomm
1200 2057 1278 2128 jum
1300 2060 1490 2124 neocastrum,
1515 2060 1587 2130 quod
1605 2061 1640 2114 ab
1656 2063 1726 2116 ostio

112 2121 205 2194 polim.
245 2127 281 2176 At
300 2123 365 2178 illud
391 2123 461 2178 idem
481 2123 594 2178 dubium
613 2126 678 2178 milii
701 2126 783 2180 videri
804 2131 898 2202 ooepit,
943 2156 1048 2194 imum
1065 2157 1154 2194 mm
1171 2143 1249 2196 eiii.
1262 2161 1366 2197 mmm·
1378 2155 1465 2198 atate
1476 2146 1579 2217 scaphii
1590 2148 1726 2216 navigatur

112 2218 284 2280 posteaquam
297 2207 430 2280 prosectm
451 2209 484 2263 ad
499 2210 667 2282 Propontidi·
683 2213 770 2264 dnum
790 2216 896 2268 :⁴³1⁸oe-
943 2225 1022 2297 paulo
1034 2227 1145 2299 amplios
1155 2239 1217 2282 octo
1227 2228 1327 2286 stadiis.
1364 2229 1428 2300 Ejus
1438 2233 1537 2286 ostium
1547 2233 1723 2290 subeuntibus

114 2310 190 2358 nuni,
206 2305 296 2348 nostra
314 2307 388 2348 atate
402 2295 559 2367 appellatum
573 2295 782 2362 Nicomedicum,
797 2297 825 2351 in
845 2297 901 2368 ejus
942 2310 977 2364 ad
988 2309 1109 2366 datm„
1119 2325 1252 2384 ,ymim-
1265 2317 1458 2370 ,missimus
1470 2327 1497 2370 ιι
1510 2320 1641 2374 miximus
1653 2322 1723 2390 ηεξ,

112 2396 176 2443 ⁰fli
193 2397 248 2433 ⁰0¹¹
267 2381 372 2451 ¹0⁰ss²⁸
389 2383 449 2434 Vim
464 2380 544 2434 h0die
567 2391 719 2454 ¹¹¹1¹¹⁰⁰P¹¹⁰
733 2381 899 2454 Dilcybiffli
943 2395 1053 2461 hortus,
1070 2415 1168 2468 opacus
1183 2398 1266 2453 densa
1286 2401 1349 2454 silra
1365 2401 1491 2454 arborum
1514 2401 1724 2470 fructiferarum

114 2467 178 2520 olirn
203 2469 311 2540 Libyssa
320 2467 342 2534 ³,
365 2469 410 2522 ubi
433 2467 483 2522 soit
506 2468 655 2541 sepulcrm
678 2469 831 2536 Annibalis,
848 2471 901 2524 vidi
943 2479 978 2532 gd
1002 2483 1134 2536 siniam„
1156 2493 1229 2538 extit
1247 2485 1438 2550 Νωωιωιῃ,
1466 2504 1498 2539 a
1525 2489 1587 2542 Asia
1607 2489 1727 2544 similitu

113 2554 244 2626 offitium
258 2557 366 2608 nomine
377 2555 499 2623 Aritium,
512 2555 589 2628 eujus
603 2554 758 2610 insontibus
772 2558 899 2628 cupieos,
943 2577 1079 2620 ommni
1095 2569 1207 2639 Bospori
1227 2571 1376 2638 augustias,
1397 2580 1428 2624 ut
1444 2571 1548 2626 easdem
1566 2591 1598 2625 ex
1620 2575 1727 2646 Europa

114 2657 181 2710 quos
196 2642 294 2694 Aritini
309 2641 438 2714 appellant
452 2639 621 2694 mauledonea
640 2641 736 2694 similes
747 2641 900 2708 crocodilis,
944 2652 1015 2721 cogit
1038 2653 1196 2724 stringitque
1213 2671 1279 2718 arr,
1293 2673 1372 2726 quain
1388 2667 1449 2708 ante
1468 2656 1522 2709 diiii
1532 2658 1655 2729 appellari
1669 2661 1726 2712 12-

116 2743 183 2796 quos
203 2725 350 2779 describam
369 2729 397 2780 in
416 2726 518 2798 Peripio
539 2725 716 2798 Propontidis.
753 2726 804 2782 Sed
823 2729 920 2781 etiam·
944 2741 1103 2810 mooopiam.
1118 2743 1248 2796 Omnium
1265 2744 1396 2796 maximus
1408 2744 1726 2817 flarinsesteorom,qui

116 2813 231 2866 inveniri
245 2812 371 2867 dicontur
385 2813 538 2867 insontibus
551 2813 721 2867 vicinioribus
730 2811 899 2868 Chalcedoni.
944 2827 1013 2880 inm
1021 2827 1239 2899 chrysopolim
1248 2831 1363 2882 pontum
1375 2829 1724 2903 ingffldiuniurlioepomm,

117 2903 212 2973 ltaque
228 2919 282 2954 non
303 2901 382 2954 semel
402 2911 511 2955 conatus
535 2919 593 2954 suni
611 2900 741 2975 proficisci
762 2899 795 2954 ad
817 2901 902 2954 sontes
944 2914 1097 2967 omniunt
1112 2923 1231 2987 tempore
1243 2915 1436 2970 mimmii
1449 2928 1549 2989 potiit,
1561 2919 1726 2989 mequomo·

117 2994 204 3042 Aretae
218 2988 349 3052 fluminis,
362 2999 391 3041 ut
405 2987 519 3042 riderem
529 3028 537 3051 ,
549 3006 582 3041 an
597 2987 764 3041 miotedono
778 2988 814 3041 ibi
829 2990 900 3053 sint,
946 2998 1040 3053 terrim
1052 3011 1173 3063 exem,
1187 3018 1271 3053 unum
1291 3001 1390 3055 distans
1406 3002 1440 3057 ab
1459 3004 1528 3057 ostio
1542 3003 1647 3057 circiter
1666 3016 1727 3059 octo

115 3093 148 3127 an
158 3074 202 3127 alii
216 3090 224 3127 ι
239 3072 285 3125 sed
298 3076 382 3143 gentis
393 3074 515 3127 immanis
528 3074 648 3127 barbaria
660 3074 700 3127 bis
714 3092 756 3127 mc
770 3093 801 3126 ex
815 3076 902 3129 media
944 3086 1028 3139 mdia
1039 3127 1047 3149 ‚
1060 3087 1111 3139 alia
1124 3088 1249 3140 interiora
1262 3086 1358 3142 alnum
1375 3087 1433 3159 plui
1444 3105 1525 3158 quam
1536 3091 1587 3143 tria
1604 3091 1724 3147 miliaria.

118 3164 160 3214 ria
173 3163 298 3226 retraxit,
315 3172 342 3214 et
354 3164 439 3231 coegit
451 3160 570 3215 deserere
584 3162 733 3215 institutum
751 3164 811 3213 itcr.
946 3170 1015 3225 Fluit
1031 3171 1183 3243 pervellem
1203 3171 1424 3242 pulcherrimam,
1439 3173 1558 3245 undique
1572 3176 1726 3231 nemoribus

149 3250 344 3313 Nuncautem,
359 3248 499 3303 utiacilius
513 3250 679 3318 intelligatur,
696 3248 741 3301 ubi
753 3246 900 3320 ineiitpor·
945 3260 1087 3324 vii-entem,
1099 3258 1203 3313 niati.
1215 3258 1383 3312 multitudine
1396 3259 1520 3316 latarum,
1557 3263 1643 3316 Pisces
1657 3262 1725 3329 sert,

114 3352 158 3395 tus
170 3342 278 3407 Phrixi,
293 3344 338 3396 ubi
355 3344 510 3409 Ciooaiuin,
526 3343 572 3397 ubi
587 3333 842 3413 Ῥιιζοῦσαιᾶιιριι,
855 3342 902 3396 de·
948 3362 1015 3414 quos
1039 3345 1126 3399 Greci
1159 3343 1254 3397 areola
1281 3344 1385 3413 lelingia
1407 3346 1550 3419 appellant,
1578 3348 1727 3418 cujusmodi

114 3427 228 3481 scribam
246 3428 319 3481 buna
335 3446 354 3481 a
370 3430 431 3481 sinu
453 3428 528 3481 Plane
547 3444 631 3499 usque
651 3427 685 3481 ad
706 3428 900 3499 Chrysopolim.
944 3430 1072 3501 plurimos
1089 3440 1209 3502 procreat
1231 3430 1306 3501 polus
1327 3433 1453 3497 Ascania,
1476 3450 1543 3503 quos
1564 3432 1660 3487 nudos
1673 3435 1729 3488 sole

113 3512 175 3566 Post
192 3514 283 3566 sinum
303 3512 378 3567 Pinea
392 3515 511 3584 sequitur
525 3515 597 3566 sinus
615 3513 693 3583 vulgo
706 3513 792 3566 dictus
811 3516 902 3567 ldnno·
944 3517 1088 3568 exsiccatos
1111 3515 1189 3569 adae
1210 3516 1296 3569 soient
1317 3518 1463 3587 Byzantiui.
1500 3519 1627 3573 Producit
1646 3523 1727 3574 etiam

113 3602 181 3664 lius,
194 3610 288 3653 contu
305 3600 422 3653 medium
444 3602 557 3655 llarmaei
574 3600 749 3673 promontorii
767 3601 834 3655 latus
848 3602 902 3655 sive
945 3601 1083 3673 cephalos,
1097 3611 1124 3655 et
1139 3603 1166 3655 in
1181 3602 1239 3655 altis
1256 3603 1404 3673 gurgitibus
1421 3604 1508 3673 gline·
1524 3608 1602 3659 etiarn
1616 3618 1727 3661 eetaoeie

104 3679 199 3757 -iixpar
214 3678 318 3751 ‘Petit
328 3688 403 3749 situs,
418 3688 535 3757 egregius
546 3690 807 3759 portusetpiscosus‚
822 3705 900 3759 quem
946 3685 1143 3755 magnitudinis.
1159 3686 1238 3740 Sinus
1251 3688 1387 3763 Neoqastri
1400 3687 1455 3742 dno
1475 3690 1585 3745 flumina
1597 3691 1726 3756 admittit,

113 3772 148 3829 de
167 3774 286 3828 bonitate
304 3776 455 3847 piscationis
471 3774 564 3829 cedere
584 3775 660 3828 aiunt
675 3775 816 3846 piscatores
836 3774 900 3828 nulli
946 3788 1029 3825 unum
1044 3788 1122 3841 quem
1132 3769 1188 3842 jam
1205 3770 1261 3823 diri
1275 3774 1407 3825 nominari
1421 3776 1534 3839 Areten,
1550 3776 1662 3829 altorum
1679 3796 1728 3847 ego

115 3860 186 3912 duni
207 3859 303 3913 littoris
323 3861 442 3915 Asiatici.
479 3861 529 3913 llic
547 3859 626 3913 valles
643 3859 786 3913 incohatas
806 3860 900 3925 habet,
946 3855 1126 3927 Napliticam⁶
1139 3856 1255 3927 appello,
1269 3874 1346 3909 exeo
1359 3856 1433 3927 quod
1445 3857 1529 3911 effluit
1540 3860 1567 3911 in
1581 3862 1728 3931 Bosporum

114 3944 178 3998 nim
200 3944 269 3998 adm
289 3946 452 4016 putioiiibus
469 3946 708 4001 celebratissimi
726 3957 752 4001 ct
770 3946 902 4001 luculento
944 3942 1020 4013 juxta
1033 3943 1136 4005 iocum,
1156 3960 1235 4013 quem
1252 3942 1343 4012 vulgus
1356 3952 1431 3998 vocat
1445 3944 1541 4015 Naple,
1563 3946 1652 3997 nescio
1664 3963 1729 4000 ana

115 4032 278 4085 mm,
293 4042 417 4097 omnm,
430 4042 461 4087 „y
471 4034 607 4104 wpyoeum
619 4032 659 4087 120
669 4050 701 4087 θ,
712 4031 900 4103 circumjioen.
946 4029 1086 4101 Nicopoli,
1100 4046 1135 4082 an
1152 4029 1187 4082 ab
1198 4029 1316 4101 Anaplo,
1330 4046 1364 4083 an
1377 4028 1543 4085 aNausiclia.
1557 4031 1632 4084 ilica
1650 4034 1727 4084 meri·

115 4119 184 4171 tinai
196 4116 304 4171 callium
318 4118 392 4171 elisis
409 4119 494 4171 Grani
511 4119 624 4173 nimium
647 4120 760 4173 inaniter
772 4136 845 4173 nunc
861 4118 902 4171 di·
947 4115 992 4170 die
1009 4118 1091 4187 cingit
1111 4118 1180 4186 regis
1197 4116 1303 4179 hortos,
1318 4134 1385 4187 quos
1404 4120 1483 4171 Arete
1495 4118 1577 4187 cingit
1596 4136 1611 4171 a
1627 4129 1730 4189 septen-

115 4204 209 4256 etitem
228 4204 259 4255 in
275 4204 463 4257 monterium
478 4202 575 4257 tubulis
593 4203 769 4259 subterraneis
792 4203 903 4257 ductum
948 4205 1044 4257 trione.
1081 4205 1226 4274 Utriusque
1246 4204 1343 4257 ostium
1369 4203 1445 4257 silvas
1466 4221 1610 4257 oanmrum
1632 4203 1727 4270 efficit,

115 4289 196 4343 fuine
208 4308 217 4345 :
229 4290 302 4361 quod
314 4290 385 4344 idem
397 4290 564 4362 proflc'aoeus
574 4293 601 4345 in
614 4290 729 4345 Mediam
741 4309 756 4345 a
768 4290 905 4364 Cappado-
948 4290 1123 4361 Napliticique
1137 4291 1274 4343 oooliueos
1292 4307 1396 4343 sumina
1414 4300 1501 4345 astate
1521 4292 1599 4343 etiam
1619 4291 1646 4342 io
1667 4289 1729 4342 locis

116 4376 192 4429 cibus
218 4376 471 4433 Neooaaariensibus
495 4376 601 4441 audivi,
634 4394 745 4431 suorum
772 4378 903 4430 montium
948 4374 1287 4446 vadosiseamagnitudine
1305 4376 1387 4429 tinere
1399 4374 1576 4445 videtur,qua
1589 4376 1639 4427 rivi
1655 4391 1730 4446 aqnae

154 4634 181 4673 ι.
196 4617 298 4689 Arari]
313 4636 346 4671 ex
364 4616 497 4671 Hermolai
511 4618 617 4672 Rarbori
636 4617 795 4689 conjectura.
820 4618 898 4671 Nunc
946 4647 979 4659 -
995 4616 1021 4669 3.
1033 4616 1264 4687 Diorybissuolim
1275 4616 1549 4686 LibysrulPerperain
1557 4615 1613 4669 hirc
1621 4617 1730 4671 nomina

117 4706 188 4749 recte
200 4695 294 4767 procul
309 4694 393 4749 dubio
407 4697 435 4749 in
448 4694 535 4751 Plinio
548 4697 642 4767 legitur
658 4697 752 4766 Amyci
767 4694 823 4769 (cl.
842 4714 901 4767 quae
944 4694 1061 4767 ejusdem
1075 4697 1126 4751 ioci
1146 4696 1224 4749 luisse
1237 4706 1373 4767 putantur.

117 4792 198 4846 supra
206 4792 235 4846 p.
246 4778 280 4831 86
293 4773 452 4829 delectionis
462 4777 584 4829 varietate
594 4777 685 4829 monui
695 4778 714 4844 ).
725 4776 901 4846 Consequitur
980 4780 1007 4839 4.
1032 4774 1163 4847 mnino]
1184 4777 1276 4847 Neque
1295 4791 1392 4827 nomen
1419 4773 1470 4826 hoc
1491 4790 1576 4845 neque
1598 4774 1666 4827 ordo
1688 4774 1728 4827 io·

117 4852 282 4907 Naulochum
292 4863 319 4907 ct
331 4852 469 4923 Nicopolin
479 4852 556 4907 Plinii
568 4852 602 4907 ad
611 4852 825 4907 Nausimachiuin
837 4855 901 4907 Dio·
945 4872 1036 4907 corum
1052 4856 1228 4927 Dionysianus
1249 4874 1281 4907 eo
1293 4854 1408 4918 iaciunt,
1422 4863 1451 4906 ut
1465 4854 1601 4905 Cironium
1614 4851 1647 4905 ad
1660 4852 1729 4905 Neo·

119 4934 186 5002 nysii
198 4933 330 5003 pertinere
343 4930 518 4985 tumdemum
532 4934 651 5005 posse,si
661 4932 782 4989 ordinem
796 4950 904 5003 geogra-
946 4935 1068 4987 Castrum
1090 4931 1224 5002 (Anadoli
1246 4932 1373 5001 Hisrari)
1395 4930 1568 5003 querendum
1595 4948 1650 4984 esse
1679 4948 1729 5003 pu·

117 5010 227 5083 phicurn
253 5028 270 5063 a
297 5011 383 5063 Plinio
409 5010 555 5080 neglectum
575 5028 631 5063 esse
660 5010 801 5067 arbitreris.
832 5012 842 5081 [l
867 5040 903 5053 -
946 5022 1040 5067 temus,

118 5104 146 5141 a.
166 5087 254 5143 Hodie
265 5086 365 5159 Arete]
379 5086 452 5142 Ideni
472 5105 568 5143 nomen
591 5088 697 5143 indeab
711 5090 824 5159 antiquis
836 5100 902 5142 tein-
984 5090 1010 5143 5.
1024 5090 1148 5163 Ine-sna]
1161 5092 1318 5147 ilaninierus
1328 5090 1424 5161 aliique
1437 5088 1556 5143 scribunt
1570 5088 1726 5157 &lunai

118 5166 227 5235 poribus
244 5166 327 5219 liuvin
342 5164 429 5220 luerit.
443 5170 552 5223 Aratum
567 5166 708 5239 bithynum
726 5168 795 5221 inter
810 5169 902 5239 Amyci
947 5198 983 5210 -
994 5174 1020 5222 6.
1033 5168 1200 5244 Nopliticum
1211 5168 1333 5244 appello]
1344 5170 1424 5223 Tusci
1436 5167 1566 5241 appeliant
1579 5168 1730 5222 Anatcloul

119 5244 187 5315 regis
204 5246 313 5299 oornites
331 5256 459 5301 memorat
479 5244 632 5318 Apoilonius
653 5244 771 5301 Rhodius
785 5263 811 5311 a,
829 5248 899 5317 65.11
948 5247 1076 5303 Gai-soii.
