3884 5925
194 434 254 489 6⁰8
699 466 704 473 -
898 430 1080 493 Auoutttt

196 557 278 624 soti<
289 557 322 614 ri
338 556 417 636 μέχρι
427 558 479 614 τῶν
497 558 592 614 στενῶν
612 558 659 615 οὔκ
671 554 777 615 ἔλαττόν
793 559 848 615 ἔστι
870 558 967 639 μυρίων
1012 566 1074 621 ariis
1085 586 1166 639 usque
1180 570 1261 624 stadia
1282 586 1378 636 ro‚ooo
1396 589 1450 625 nou
1471 572 1560 625 minus
1578 571 1694 637 obtinet,
1711 572 1791 627 millia

193 643 323 716 σταδίων,
334 642 351 700 d
367 645 422 701 lect
435 644 509 710 μίλια
522 641 619 723 purif,
633 642 669 719 γ’.
1015 672 1139 724 passuum
1155 672 1166 709 1
1171 656 1232 721 ‚333
1243 662 1282 719 'lc

233 754 272 792 ss.
287 731 359 801 Αὕτη
377 729 405 787 ll
422 734 439 799 ἡ
453 728 556 807 μιγᾶλη
571 730 708 802 θάλασσα,
719 733 737 801 ἡ
749 730 797 801 τὴν
807 730 872 802 ὃλην
883 735 967 793 οἴκου·
1048 741 1091 800 45.
1108 744 1143 794 λι
1152 759 1214 795 vero
1222 742 1274 796 hoc
1287 760 1358 796 mare
1367 760 1492 813 magnum
1505 754 1531 797 et
1544 754 1625 797 terras
1637 760 1728 797 omues
1737 748 1788 798 cir·

194 818 275 892 μίνην
289 815 460 895 περιρρέουσα
475 820 553 895 κοινῷ
565 816 611 890 μὲν
626 814 734 890 ὀνόματι
746 817 860 886 ὠκεανὸς
877 821 965 879 καλοῖ·
1014 826 1165 890 cumiuens,
1189 828 1323 881 communi
1357 828 1465 899 quidem
1487 828 1614 883 vocabulo
1639 830 1790 883 nominatur

166 922 253 972 οταν,
266 904 334 959 κατὰ
348 900 464 977 κλίμακα
476 900 503 959 δὲ
516 901 650 981 διαφόρως
663 902 719 981 ἔχει
733 904 890 979 ἐπωνυμίας.
933 904 968 965 Ὁ
1015 930 1143 975 oceanus,
1157 912 1202 966 sed
1223 932 1273 984 pro
1285 914 1418 968 climatum
1438 916 1560 969 varietate
1581 917 1658 969 etiam
1675 916 1790 969 diversas

194 988 242 1066 μὲν
254 988 304 1068 γὰρ
316 988 366 1047 ὑπὸ
376 996 433 1052 ταῖς
447 986 550 1065 ἄρκτοις
561 997 612 1054 πᾶς
625 985 673 1064 μὲν
687 990 806 1068 ἀρκτικὸς
817 990 861 1049 καλ
872 992 970 1070 βόρειος
1015 998 1198 1069 appellationes
1210 1000 1328 1053 sortitur.
1365 1002 1433 1053 Nam
1455 1018 1507 1070 qua
1521 1000 1583 1071 polo
1596 1002 1693 1054 arctico
1704 1002 1790 1071 subja·

196 1074 298 1151 λέγεται
308 1118 316 1146 ,
326 1073 378 1145 ἤδη
390 1073 417 1134 δὲ
431 1075 510 1133 αὐτοῦ
524 1073 554 1131 τὸ
573 1075 620 1151 μὲν
638 1076 857 1157 ἀνατολικώτερον
870 1082 968 1139 Σκυθι-
1015 1093 1073 1147 cst,
1094 1072 1240 1155 appellatur
1258 1086 1378 1137 Arcticrrs
1391 1086 1446 1137 sive
1469 1086 1600 1148 Romalis,
1614 1086 1689 1155 cujus
1702 1096 1789 1139 tamen

117 1188 121 1195 ·
194 1164 238 1229 κὸς
264 1164 393 1238 ὠκεανὸς,
414 1161 488 1220 τὸδὲ
510 1159 678 1240 δυοικώτιρον
700 1166 723 1224 Γ
724 1163 860 1240 ορμανικός
874 1189 903 1224 τι
924 1167 969 1229 καλ
1013 1188 1074 1239 pars
1088 1172 1182 1224 orieuti
1193 1172 1302 1241 propior
1312 1170 1408 1225 dieitur
1426 1188 1539 1223 oemuus
1556 1172 1707 1241 Scythicus,
1720 1174 1789 1225 occi·

197 1248 371 1328 Βρεττανικὸς
388 1250 521 1305 καλεῖται·
542 1254 557 1305 ὁ
580 1250 608 1308 δὲ
622 1250 698 1316 αὐτὸς
718 1242 791 1316 οὗτος
806 1251 911 1329 ου’μπας
925 1253 969 1313 καὶ
1014 1254 1123 1309 dentalis
1144 1272 1205 1307 vero
1226 1256 1398 1309 Germanicus
1419 1266 1446 1308 et
1465 1256 1645 1320 Britannicus;
1674 1257 1721 1309 sed
1747 1259 1791 1311 hie

156 1356 182 1394 ro
198 1337 305 1412 Κρόνιον
320 1334 435 1412 πέλαγος
447 1334 493 1392 καὶ
512 1332 644 1411 Πεπηγὼς
657 1336 702 1395 καλ
716 1336 816 1415 Νεκρὸς
829 1340 968 1413 ἐπωνομᾶι
1014 1342 1069 1411 ipse
1084 1341 1219 1393 universus
1231 1351 1399 1411 nuncupatur
1412 1342 1491 1394 ctiam
1503 1341 1608 1412 pelagus
1621 1343 1749 1395 Cronium
1764 1355 1791 1396 et

193 1424 276 1490 ζιπαι.
318 1420 354 1480 ,Ὁ
373 1419 400 1479 δὲ
414 1421 511 1498 lucr}
527 1421 679 1501 μεσημὸρία
698 1421 804 1498 σύμπας
818 1422 865 1499 piu
878 1426 968 1482 καλεῖ·
1013 1427 1156 1480 Concretas
1169 1444 1281 1479 oceanus
1294 1437 1319 1480 et
1332 1428 1467 1488 Mortuns;
1482 1444 1534 1498 qua
1549 1438 1634 1483 autent
1648 1427 1697 1479 snb
1712 1431 1790 1481 meri·

193 1531 238 1568 παι
263 1507 449 1586 necatisque.
468 1530 497 1567 rs
521 1508 566 1565 καὶ
585 1507 679 1574 Νότιος
695 1509 821 1575 ὠκεανός·
840 1511 920 1571 πάλιν
943 1514 967 1570 δ’
1014 1509 1083 1564 diem
1093 1550 1101 1575 ,
1112 1520 1181 1563 totus
1191 1511 1298 1581 quidem
1310 1511 1469 1565 Meridianus
1482 1522 1510 1565 et
1521 1514 1615 1565 Notius
1628 1530 1741 1565 comum
1750 1513 1791 1567 di·

195 1597 274 1654 αὖτοῦ
298 1596 329 1653 τὸ
347 1594 395 1671 pla
409 1595 629 1673 ἄνατολικώτερον
646 1595 764 1673 Ἐρυθρὰ
783 1595 919 1669 θάλασσα,
935 1598 965 1657 τὸ
1014 1598 1095 1658 citurt
1115 1614 1206 1654 rursus
1229 1614 1291 1649 Veto
1303 1595 1380 1666 hujus
1397 1616 1457 1669 pm
1477 1600 1573 1654 otlfltl
1594 1599 1704 1651 vicinior
1721 1616 1792 1653 mm

194 1684 223 1740 lt
242 1681 413 1762 δυτικώπορον
428 1682 580 1748 Αἰθιοπικὸς
603 1682 716 1748 ὠκεανὸς
736 1685 965 1763 προααγορεύιται.
1014 1683 1143 1746 Rubrum.
1152 1693 1178 1735 et
1188 1700 1240 1752 qut
1249 1686 1314 1754 petil
1322 1684 1494 1747 occidentem,
1512 1685 1792 1755 Ethioplctttomtts

154 1784 182 1825 tt
195 1772 256 1829 Τῶν
271 1768 297 1829 δὲ
322 1772 419 1827 λοιπῶν
435 1768 480 1827 δύο
501 1768 636 1844 κλιμάτων
656 1769 685 1826 τὸ
706 1768 754 1845 μὲν
767 1773 826 1828 κατ’
841 1770 968 1838 ἀνατολὰς
1014 1768 1097 1821 audit.
1134 1771 1164 1819 1¹¹
1179 1767 1285 1839 reliquls
1300 1768 1404 1821 (1³0¹)OE
1424 1769 1584 1833 cllmsslbffls
1597 1768 1789 1839 qllloqtfflejffi

194 1852 279 1935 Ἔῷον
293 1856 406 1931 πέλαγος
418 1856 464 1914 καλ
483 1854 589 1921 Ἰνδικὸς
602 1855 733 1932 ὠκεανὸς,
747 1857 777 1915 τὸ
797 1856 824 1917 δὲ
838 1857 908 1915 κατὰ
919 1857 967 1929 τὴν
1014 1866 1052 1907 est
1066 1853 1197 1907 adortum
1210 1854 1284 1919 solis,
1297 1872 1418 1909 vocamus
1432 1859 1517 1909 Εουιο
1528 1872 1598 1909 mare
1609 1874 1655 1909 seu
1664 1872 1792 1909 nemnem

194 1942 286 2020 δύσιν,
310 1944 355 2021 ἄρ’
369 1933 448 2019 οὗπερ
468 1946 486 2013 ἡ
502 1944 562 2000 καθ’
581 1947 653 2017 ἡμᾶς
669 1942 788 2022 θάλασσα
803 1945 967 2023 πληροῦται,
1015 1938 1149 2001 Indicum,
1165 1938 1291 2010 quicquid
1305 1940 1337 1991 ad
1355 1958 1492 2003 occasum,
1513 1940 1585 1995 unde
1598 1952 1718 1995 nostrum
1738 1942 1791 1995 huc

192 2027 333 2106 ‘Eastpae
344 2023 592 2099 ὠχοοοὸς,χοὶχοο’
608 2027 872 2108 {inmitem
884 2052 968 2109 προσ.
1015 2044 1086 2079 mane
1108 2026 1231 2097 repletur,
1254 2029 1394 2098 Hesperiam
1418 2030 1570 2081 nominatur
1594 2046 1721 2092 οοαιηυκ,
1746 2038 1792 2081 aut

194 2118 346 2193 ορορούοοοο
354 2115 476 2191 πέλαγος,
1015 2116 1093 2167 ctiam
1105 2131 1152 2183 per
1162 2114 1339 2167 excellentiam
1352 2114 1512 2168 Atlanticum
1523 2114 1638 2187 pelagus.

193 2282 291 2335 statuit.
308 2281 402 2335 conam
418 2296 482 2331 rere
497 2289 588 2333 noenu
600 2278 658 2331 loco
670 2279 761 2331 Brevis
771 2280 850 2331 maris
863 2280 969 2330 nomine
1013 2278 1103 2328 δύσιν
1120 2276 1251 2343 elstani
1261 2296 1321 2346 ιωμ
1336 2277 1502 2339 dissuadenda
1515 2276 1610 2331 ἀπαντᾶ
1628 2282 1709 2343 νῆσος.
1724 2283 1791 2346 Qoae

192 2360 270 2411 etiam
290 2357 454 2427 ὴῘΙρααώδης
475 2355 586 2407 θάλασσα
600 2355 840 2427 comprehenditur.
863 2357 969 2427 Majoris
1014 2356 1137 2407 resarcire
1154 2356 1201 2407 viri
1219 2355 1289 2409 docti
1303 2354 1373 2408 haud
1393 2356 1444 2417 leui
1457 2374 1536 2410 manu
1548 2367 1681 2410 tentarunt
1695 2357 1745 2419 ita,
1761 2368 1791 2409 ut

191 2447 280 2489 autem
294 2436 419 2488 momenti
434 2434 607 2505 discrepantia
625 2432 659 2486 de
671 2435 770 2486 Esinau
787 2436 899 2507 emporii
917 2437 969 2488 situ
1014 2444 1106 2487 auctor
1129 2434 1199 2486 dicat
1216 2446 1262 2487 aut
1281 2436 1471 2503 navigationem
1493 2452 1582 2487 versem
1596 2453 1715 2489 occasum
1732 2446 1790 2497 teu·

191 2514 261 2567 inter
273 2514 438 2566 Ptolemaeum
448 2523 474 2565 et
485 2516 654 2583 Anonymum
664 2512 809 2567 intercedit.
820 2513 969 2567 Secundum
1014 2511 1091 2573 dere,
1104 2522 1149 2564 aut
1160 2512 1269 2565 insulam
1283 2514 1309 2565 in
1323 2530 1444 2566 occasum
1457 2531 1512 2567 csse
1523 2526 1685 2584 porrectmu3
1699 2533 1791 2584 quam·

191 2592 317 2645 Nostram
338 2592 436 2643 Εαίοου
448 2600 475 2643 et
493 2590 593 2661 Rhapta
607 2592 635 2643 in
653 2590 746 2644 eadem
767 2593 873 2660 regium
891 2593 969 2647 luisse
1014 2608 1093 2661 quam
1105 2601 1213 2659 utraque
1235 2592 1301 2643 ratio
1313 2608 1429 2644 errorem
1440 2594 1554 2645 auctoris
1568 2593 1662 2663 Peripli
1677 2594 1793 2664 implica.-

192 2669 305 2736 debeat,
320 2669 390 2741 apud
402 2669 569 2723 Ptolemaeum
583 2687 646 2721 νοω
658 2670 802 2736 uastante·
821 2669 865 2723 lat.
874 2674 968 2740 ausu.)
1015 2678 1063 2721 ret.
1088 2670 1179 2737 Itaque
1203 2668 1272 2731 aliud
1290 2668 1434 2721 remedium
1454 2670 1715 2741 circumspiciendum
1736 2690 1792 2724 esse

192 2759 316 2817 quattuor
328 2747 457 2817 graduum
470 2746 633 2800 intervallos
647 2748 768 2816 Rhapton
780 2748 917 2817 metropoli
929 2750 969 2819 (7⁰
1010 2744 1070 2815 jure
1084 2747 1177 2798 mcrito
1195 2748 1299 2799 monuit
1313 2748 1479 2800 doctissimus
1491 2748 1665 2803 D’Avezacius
1678 2752 1689 2817 (
1699 2758 1791 2803 Anna·

192 2824 237 2880 lat.
249 2827 346 2893 austr.)
357 2835 500 2895 separatur.
515 2824 646 2876 Nimirum
658 2834 717 2894 post
728 2842 772 2877 cos
783 2823 865 2876 litoris
876 2826 970 2897 Libyci
1014 2824 1050 2877 les
1063 2824 1108 2877 des
1118 2842 1242 2893 voyages,
1259 2824 1342 2889 1856,
1363 2842 1391 2895 p.
1413 2826 1484 2895 134).
1504 2827 1598 2881 Attulit
1615 2828 1789 2897 conjecturam

191 2914 290 2956 tractus
308 2904 355 2975 qui
376 2911 503 2955 vomatur
524 2900 649 2955 ’λαόκοπα
667 2912 694 2955 et
711 2902 804 2973 Μικρὸς
820 2900 931 2973 αἰγιαλὸς
944 2915 970 2958 et
1014 2908 1102 2959 nescio
1113 2905 1203 2978 cujus,
1218 2908 1263 2978 qui
1275 2906 1412 2978 legendum
1424 2910 1560 2980 proposuit
1573 2925 1580 2962 ι
1594 2910 1650 2980 παρ’
1662 2908 1734 2976 αὐτὴν
1745 2909 1790 2976 τὴν

191 2979 276 3049 Μέγας
285 2978 412 3049 αἰγιαλός,
424 2979 578 3032 Ptolemaeus
590 2985 628 3045 (1,
650 2982 694 3049 17)
708 2990 796 3033 narrat
814 2981 902 3032 sinum
915 2999 970 3035 esse
1014 2982 1187 3051 olenaclassi
1207 2987 1239 3037 δι’
1250 2987 1283 3038 ἕω
1298 2988 1363 3040 Mes.
1375 2998 1426 3042 etc.
1439 2990 1518 3040 Recte
1540 2989 1591 3041 hoc
1614 2992 1714 3060 respuit
1735 2990 1790 3044 Sal-

192 3056 218 3110 is
228 3052 251 3128 ᾧ
262 3056 376 3127 λμποριον
390 3057 420 3109 το
433 3056 584 3126 καλούμενον
596 3056 717 3120 Ἔασινα,
732 3057 794 3126 μετὰ
816 3058 859 3110 δύο
878 3061 969 3128 supla-
1014 3066 1110 3118 masius
1119 3063 1164 3132 (ad
1177 3065 1258 3117 Solin.
1271 3083 1299 3135 p.
1315 3069 1395 3135 778),
1411 3083 1493 3137 quum
1508 3069 1625 3136 ineptum
1641 3069 1715 3130 citet
1727 3083 1789 3120 con·

192 3135 371 3206 uiwtsslttlt'
387 3132 443 3188 ῑῖῑα
459 3135 615 3204 nepesino<
629 3137 707 3205 ὅρμον
728 3135 789 3206 μετὰ
809 3139 865 3206 μιᾶς
880 3136 969 3208 ἡμέρας
1010 3142 1138 3212 jectorcm
1161 3143 1256 3213 prodat
1279 3144 1412 3198 literarum
1435 3161 1578 3213 grecarum
1599 3145 1702 3198 rudem.
1731 3149 1790 3216 lpse

191 3215 279 3273 πλοῦν·
293 3213 401 3267 ἐντεῦθεν
414 3214 531 3282 ἄρχεσθαι
544 3214 586 3266 τὀν
599 3214 638 3268 ἐπὶ
649 3213 680 3266 τὰ
695 3212 789 3268 'Pasti
799 3216 901 3284 φέροντα
910 3214 969 3268 att·
1014 3221 1188 3275 D'Avezacius
1201 3223 1351 3292 propinavit
1362 3221 1418 3276 haec
1431 3222 1504 3292 παρ’
1517 3221 1591 3289 αὐτὴν
1604 3221 1648 3288 τὴν
1663 3223 1729 3276 alors
1743 3221 1791 3278 eir'

191 3313 237 3348 πον
250 3298 324 3363 *illl
342 3292 501 3360 νυλθημέρων
522 3291 614 3360 ἔλοντα
633 3292 761 3376 ῧῑάῖῑλων·
776 3292 880 3359 QUlbtss
891 3309 969 3363 repu-
1015 3297 1058 3370 ἔνῃ
1068 3300 1099 3351 δι’
1112 3301 1159 3362 ἕω,
1171 3298 1243 3369 quod
1253 3299 1397 3367 significare
1408 3299 1482 3352 vellet
1496 3316 1503 3352 ε
1520 3325 1534 3348 ι
1545 3311 1604 3372 post
1610 3299 1723 3354 duarum
1734 3301 1790 3354 die·

177 3382 272 3440 guent
290 3388 343 3422 uon
364 3368 445 3421 modo
462 3386 520 3438 quae
533 3372 686 3440 Anonymus
704 3380 793 3422 noster
810 3370 902 3435 habet,
923 3372 969 3424 sed
1014 3377 1361 3446 rumuoctiumquecursum
1368 3374 1545 3447 juxtaterram
1556 3376 1590 3429 aia
1600 3394 1691 3428 occasu
1702 3377 1787 3440 sitam,

117 3451 121 3458 ’
191 3457 270 3508 etiam
283 3471 382 3524 eaquae
395 3455 422 3505 in
435 3455 629 3506 accuratissimo
639 3454 742 3525 Periplo
752 3456 832 3507 maris
842 3455 970 3526 Erythraei
1015 3455 1092 3506 tertio
1108 3453 1203 3506 deinde
1214 3453 1258 3504 die
1270 3471 1361 3505 versus
1372 3463 1459 3506 ortum
1471 3454 1586 3506 occurrit
1599 3453 1757 3508 Menuthias.
1774 3479 1786 3500 ι

191 3531 324 3604 leguntur.
337 3537 369 3586 In
381 3548 413 3586 eo
428 3534 497 3585 enim
510 3533 575 3586 inde
594 3550 610 3585 a
631 3535 779 3604 Sarapionis
800 3535 912 3587 statione
929 3553 969 3588 se-
1014 3532 1065 3583 Sed
1077 3533 1131 3601 ipso
1144 3529 1210 3582 bene
1224 3531 1333 3583 sensisse
1350 3531 1452 3584 videtur
1464 3548 1548 3600 neque
1561 3531 1628 3583 lisia
1646 3550 1736 3584 rocem
1754 3534 1790 3586 ita

191 3623 311 3684 quantur
327 3622 426 3684 septem
442 3613 545 3665 Arauiae
558 3629 665 3674 cursus,
680 3612 775 3665 deinde
789 3611 900 3665 duarum
914 3612 970 3669 die·
1014 3611 1133 3678 usurpari
1152 3626 1233 3678 posse.
1243 3625 1328 3677 neque
1344 3619 1413 3660 recte
1425 3607 1478 3660 dici
1499 3608 1568 3660 istud
1589 3609 1620 3661 δι’
1635 3609 1678 3663 ἕω.
1699 3611 1791 3680 ltaque

189 3710 250 3744 rum
265 3692 436 3760 noctiumque
454 3707 545 3743 cursus
567 3690 601 3743 ad
621 3690 818 3743 Menutlriadem
841 3691 967 3757 insulam,
1014 3687 1034 3738 si
1051 3686 1127 3738 verba
1149 3687 1204 3755 παρ’
1223 3685 1297 3752 αὐτὴν
1317 3683 1362 3750 τὴν
1382 3685 1448 3738 δύσιν
1461 3687 1555 3755 quovis
1568 3697 1644 3758 pacto
1663 3687 1790 3741 servanda

189 3770 252 3823 ltine
264 3770 376 3839 denique
391 3769 468 3821 unius
479 3769 530 3820 diei
542 3769 678 3838 noctisque
688 3787 780 3821 cursus
791 3768 823 3821 ad
837 3769 969 3840 Rhaptum
1013 3775 1111 3828 essent,
1141 3765 1275 3817 crederem
1299 3765 1411 3835 aliquem
1435 3765 1468 3818 ad
1499 3765 1609 3819 obscura
1631 3765 1673 3818 illa
1703 3767 1788 3836 μικρὸν

189 3849 415 3919 promontorium,
431 3846 497 3898 adeo
510 3857 540 3898 ut
553 3847 583 3898 13
597 3847 706 3907 dierum,
716 3865 807 3899 cursus
819 3846 869 3910 sit,
883 3846 927 3899 ubi
937 3865 969 3900 ex
1013 3842 1094 3896 ἐπάνω
1107 3847 1150 3896 τοῦ
1164 3843 1231 3904 tour
1247 3843 1383 3896 adnotasse
1397 3860 1403 3896 :
1418 3844 1473 3914 παρ’
1486 3842 1561 3910 uiris
1575 3843 1619 3910 ria
1635 3843 1702 3896 δύσιν
1720 3843 1789 3897 εἶπεν

190 3926 322 3982 Ptolemai
341 3927 490 3979 narratione
510 3942 554 3977 sex
573 3925 755 3977 tantummodo
775 3925 878 3995 dierum
896 3924 968 3977 nevi·
1013 3921 1084 3988 ἡλίου
1105 3923 1143 3974 vei
1157 3921 1212 3990 παρ’
1228 3941 1252 3974 α.
1267 3941 1291 3976 τ.
1305 3923 1328 3974 δ.
1342 3920 1418 3975 εἰπεῖν
1434 3922 1514 3988 ἥδιον,
1529 3923 1609 3994 idque
1628 3923 1752 3992 glossema
1773 3941 1789 3975 e

189 4005 259 4074 gatio
281 4003 357 4056 soret.
381 4001 564 4072 Perprobabile
585 4003 722 4069 igiturest
741 4002 838 4052 essina
858 4004 967 4071 emporii
1014 4002 1129 4070 margine
1143 4003 1168 4053 in
1185 3999 1306 4053 ordinem
1319 4000 1459 4053 verborum
1477 4001 1619 4072 irrepsisse.
1634 4005 1669 4053 At
1682 4017 1696 4051 e
1709 4017 1790 4070 supra

186 4085 277 4135 ’sinum
290 4081 359 4151 apud
373 4079 540 4152 Ptolemaeum
559 4097 695 4150 perperam
714 4079 899 4148 transpositum
913 4096 969 4130 esse
1012 4079 1093 4132 allatis
1106 4088 1197 4150 sponte
1209 4079 1324 4131 nascitur
1338 4081 1451 4150 suspicio
1466 4095 1547 4131 manu
1558 4077 1686 4146 lenissima
1698 4095 1788 4130 emen-

190 4159 394 4230 poneudumque
408 4159 486 4209 luisse
511 4167 570 4226 post
591 4156 678 4208 sinum
692 4175 734 4208 sex
750 4155 852 4207 dierum
871 4156 916 4225 qui
929 4166 969 4208 est
1012 4156 1124 4210 dandam
1135 4175 1189 4209 esse
1203 4174 1209 4210 :
1223 4157 1278 4227 παρ’
1291 4155 1365 4223 αὐτὴν
1381 4155 1425 4224 τὴν
1440 4157 1579 4224 dulcissima
1595 4157 1644 4221 (vel
1655 4156 1717 4210 tort.
1734 4154 1788 4208 Ἀο-

189 4235 438 4306 iudeaSarapiouis
451 4236 578 4308 statione!
593 4235 689 4304 cuique
705 4234 847 4304 inPcriplo
861 4251 967 4304 respou-
1012 4235 1221 4302 οινείτην)ἠι6να,
1237 4261 1247 4280 ι
1259 4233 1335 4306 juxta
1355 4233 1648 4306 nustntreuwassim)
1664 4249 1737 4285 oram
1754 4255 1786 4296 ι,
1817 4294 1821 4300 ⁴

188 4315 254 4368 dent
267 4326 365 4385 septem
378 4315 481 4367 Azaniae
495 4329 600 4376 cursus,
615 4315 651 4365 itu
667 4325 696 4365 ut
709 4314 807 4365 Fssioae
823 4314 895 4365 sinus
907 4314 968 4366 site
1012 4331 1093 4384 caque
1104 4315 1244 4384 scriptura,
1253 4310 1789 4383 neseioanlevitercorrupta,indimrire-

189 4396 295 4463 regione
307 4391 483 4445 Menuthiadis
498 4389 572 4461 (laod.
600 4391 721 4460 Ungrulja
744 4393 798 4446 sive
820 4391 966 4463 Zunzibar)
1012 4388 1785 4462 gionernEssinae.l{-28.pipinrpmpiluaiirotpllm‘adlg']

189 4472 279 4524 insulae
287 4471 428 4540 justaeum
442 4488 494 4522 orec
507 4480 617 4521 tractum
632 4470 674 4520 cui
683 4467 746 4521 hod.
759 4467 882 4520 Wassr'ua
895 4487 968 4520 mon·
1012 4468 1303 4540 τρισμύριαμογόοάἀς
1316 4471 1443 4541 τρισμύρια
1455 4467 1509 4535 ἤτοι
1522 4469 1633 4540 pillei*
1645 4469 1719 4523 editt.
1729 4469 1788 4524 llil·

189 4559 228 4602 tes
248 4561 274 4602 et
287 4549 413 4620 oppidum
433 4547 523 4619 (quod
548 4547 582 4600 ab
595 4558 681 4600 vetere
699 4547 790 4599 Essina
805 4565 857 4599 non
876 4548 910 4599 sit
927 4546 967 4598 di·
1011 4547 1786 4616 tiariorumnumerum,tt·enuuttusvelcodicis'tenuuttant

189 4633 306 4697 tersum)
318 4627 445 4697 adjacent.
460 4629 519 4681 lam
534 4646 597 4681 vero
607 4629 709 4680 mireris
722 4627 790 4680 hauc
803 4645 856 4679 orae
867 4638 966 4697 partem
1012 4627 1097 4680 scriba
1108 4627 1141 4678 ad
1155 4626 1299 4678 stadiorum
1311 4644 1453 4680 numerum
1466 4628 1563 4690 30,ooo
1575 4628 1785 4679 accommodasse

188 4709 216 4761 lu
236 4707 340 4778 Periplo
366 4718 456 4758 nostro
477 4708 557 4759 maris
583 4708 710 4778 Erythraei
734 4708 840 4758 nomine
861 4723 964 4770 carere,
1012 4703 1123 4758 videtur.
1144 4705 1245 4756 Vitium
1259 4702 1338 4757 latere
1356 4705 1383 4756 in
1397 4722 1507 4757 numero
1526 4704 1653 4774 τρισμύρια
1666 4703 1786 4755 lucceia-

188 4803 271 4856 quum
289 4787 367 4840 ceteri
388 4785 471 4838 litoris
494 4797 579 4856 partes
602 4787 655 4838 suis
676 4785 783 4854 singule
817 4785 966 4837 nominibus
1011 4783 1065 4836 rius
1082 4793 1129 4836 est.
1145 4783 1175 4834 ln
1195 4782 1326 4836 Ptolemaei
1347 4782 1485 4837 tabulisab
1504 4783 1598 4835 intimo
1612 4783 1683 4834 sinus
1697 4783 1785 4850 Magni

189 4863 344 4918 alliciantur.
367 4861 417 4916 Sed
440 4863 572 4931 attendas,
596 4863 690 4930 velim,
713 4881 746 4916 eo
764 4865 822 4934 ipso
834 4863 905 4927 loco,
921 4863 966 4916 ubi
1010 4878 1112 4914 recessu
1126 4862 1208 4929 (173⁰
1229 4861 1311 4930 long..
1338 4864 1383 4931 17⁰
1397 4861 1441 4916 ου’
1461 4862 1505 4914 lat.
1518 4860 1638 4928 boreal.)
1654 4877 1734 4929 usquc
1750 4863 1784 4912 ad

189 4944 288 4995 mentio
300 4943 356 5013 ejus
372 4944 410 4995 rei
430 4941 547 4995 facienda
569 4952 639 5008 erat,
657 4941 774 4994 codicem
786 4940 881 5011 Peripli
893 4939 965 4994 labo·
1010 4941 1131 4992 ultimum
1143 4957 1195 4992 orae
1212 4941 1344 4993 orientalis
1358 4941 1445 4994 locum
1457 4941 1585 5008 Cattigara
1599 4941 1681 5009 (177⁰
1700 4939 1782 5006 long..

188 5037 257 5072 rare.
267 5021 355 5072 Verba
366 5020 422 5073 haec
435 5032 496 5073 sunt
511 5020 545 5090 (5
561 5020 591 5073 15
605 5022 633 5072 iu
646 5031 713 5073 tom.
729 5038 754 5084 1,
767 5037 795 5090 p.
815 5025 866 5087 ²⁶9
889 5021 942 5089 sq.)
956 5035 963 5071 :
1011 5021 1040 5072 8⁰
1055 5017 1146 5074 30'lat.
1158 5022 1254 5085 austr.)
1268 5019 1336 5072 linea
1347 5016 1784 5080 rectaeuutstadia13‚ooo;unde

189 5095 230 5166 ἄρ’
244 5090 273 5162 ἧς
292 5097 339 5168 (sc.
354 5101 397 5162 τῆς
415 5097 551 5168 λεγομένης
563 5097 698 5168 Διώροχος)
719 5097 804 5168 μικρὸν
825 5096 906 5151 ἐπάνω
922 5101 965 5149 τοῦ
1008 5097 1138 5168 colligitur
1150 5096 1285 5168 quomodo
1295 5098 1367 5151 loeus
1379 5109 1469 5151 noster
1479 5095 1657 5150 emendandus
1669 5096 1711 5149 sit.

189 5175 259 5236 trel<
273 5174 333 5245 μετὰ
348 5175 391 5227 δύο
411 5175 515 5246 δρόμους
529 5178 691 5246 νυχθημέρους
703 5177 771 5244 παρ’
791 5173 887 5239 airis
909 5173 964 5240 τὴν
1044 5175 1116 5243 §45-
1126 5176 1193 5228 -3,
1208 5173 1278 5242 fisis
1293 5175 1374 5246 ὅλην]
1390 5171 1488 5242 anicia
1506 5174 1568 5239 ὅλην
1580 5172 1656 5227 codd.
