3884 5925
702 458 754 517 EX
775 458 989 521 sanationis
1009 462 1083 524 Llll.
1106 464 1157 524 Vl.
1676 484 1730 537 561

130 582 224 643 techa
249 582 349 663 γίνεται
372 582 442 652 λίθος
466 584 577 663 μυλίας,
600 585 647 658 τὴν
669 587 749 657 αὖα-λι
774 587 910 668 φυλάττων
957 608 1019 644 mox
1033 592 1157 647 duritiem
1172 612 1305 650 assumens
1319 594 1382 669 lapis
1397 601 1501 653 molaris
1512 601 1735 667 ementiendam

129 674 225 751 χρόαν,
238 672 270 743 ἢν
287 672 351 752 ῥέων
365 662 443 749 εἶχεν·
456 672 531 745 καὶὴ
547 674 641 741 σποδὸς
655 674 682 732 δὲ
698 677 843 752 καιομένων
860 680 911 735 τῶν
957 692 1060 733 servato
1073 701 1151 753 quein
1173 684 1255 737 llucns
1268 684 1379 739 babebat
1402 688 1497 743 colore.
1536 692 1621 743 Etiam
1643 693 1736 745 cinise

130 761 211 817 λίθων
230 762 266 824 ὡς
288 758 341 817 α’πδ
361 763 413 816 τῶν
432 758 514 828 ξύλων
530 760 641 839 γίνεται.
685 766 811 845 Καθάπερ
826 756 868 824 οῦν
883 768 912 825 τὸ
957 770 1078 821 crematis
1100 770 1230 841 lapidibus
1249 772 1277 826 lit
1299 776 1522 843 quemadmodum
1543 779 1686 833 combustis
1703 796 1736 833 ex

129 847 249 922 πήγανον
263 848 296 923 τῇ
312 844 400 924 ξυλίνῃ
416 850 505 929 σποδῷ
519 848 659 931 τρίφεται,
673 858 788 912 τοιοῦτον
802 854 871 932 ἔχειν
887 881 911 914 τι
955 855 1096 924 lignislieri
1107 856 1182 911 solet.
1219 860 1292 911 Sicut
1306 861 1385 927 igitur
1395 880 1427 913 ex
1439 862 1568 932 lignorum
1579 866 1666 917 cinere
1676 876 1736 919 ruta

127 935 259 1010 οίιιείωμα
286 933 350 1012 πρὸς
377 934 424 1007 τὴν
450 935 568 1014 ἄμπελον
602 940 669 1006 είκὸς
703 939 750 1011 τὴν
784 944 911 1003 Αἶτνοίον
956 942 1069 1007 fovetur,
1084 944 1122 995 sic
1136 945 1264 997 AEtnaeum
1279 947 1394 999 cinerem
1414 950 1465 1000 vim
1487 950 1549 1002 vites
1569 950 1736 1006 imcundandi

128 1021 239 1081 σποδόν.
373 1098 380 1111 ·
956 1030 1053 1084 babere
1064 1042 1103 1084 est
1118 1032 1265 1087 verisimile.

170 1130 208 1169 21.
229 1107 295 1169 'On
322 1109 478 1168 Μίοκελλον
510 1112 555 1170 καί
581 1112 702 1191 Ἀρχίαν,
729 1118 764 1182 εἷς
796 1117 911 1197 Δελφοὺς
992 1134 1036 1172 21.
1055 1119 1206 1190 Myscellum
1228 1130 1254 1173 et
1277 1121 1414 1185 hiebiam,
1430 1122 1545 1194 Delphos
1564 1136 1693 1196 petentes,
1706 1140 1737 1183 ut

129 1196 290 1262 ἀπελθόντας
313 1196 372 1272 περὶ
398 1197 534 1272 ἀποικίας,
561 1198 644 1277 εἴρετο
668 1204 683 1259 ὁ
704 1201 778 1280 θεὸς,
800 1204 909 1283 πότερον
954 1203 989 1256 de
1010 1204 1112 1257 colonia
1135 1204 1256 1260 ducenda
1268 1208 1403 1261 oraculum
1418 1210 1599 1275 consulerent,
1614 1211 1679 1266 deus
1692 1232 1737 1267 ro·

129 1283 252 1361 βοάλοιτο
266 1282 387 1361 ἑκάτερος
402 1286 498 1362 αὐτῶν,
513 1288 624 1345 πλοῦτον
637 1287 655 1358 ἣ
668 1286 778 1365 ὑγίειαν·
788 1291 910 1365 ίλομίνου
954 1290 1039 1359 gavit,
1052 1290 1190 1343 divitiaene
1200 1291 1306 1345 mallent
1317 1311 1349 1345 an
1361 1296 1736 1371 sanitatemilllyscclloitaqne

128 1371 155 1428 δ’
171 1370 273 1449 Ἀρχίου
289 1370 336 1445 μὲν
349 1373 473 1447 πλοῦτον,
487 1373 645 1432 Μυσκίλλου
660 1376 685 1433 δ’
706 1374 815 1454 ὑγίειαν,
828 1382 842 1435 θ
854 1381 911 1446 θεὸς
954 1379 1106 1444 sanitatem,
1119 1380 1213 1432 Archia
1225 1398 1287 1451 opes
1298 1379 1423 1449 eligente,
1435 1381 1515 1435 deum
1529 1383 1566 1435 illi
1580 1394 1610 1437 ut
1628 1386 1737 1455 Syracu·

129 1460 253 1517 ίκίλευσε
267 1459 311 1515 τὸν
328 1457 374 1531 μὲν
394 1458 566 1536 Συρακούσας
584 1464 686 1533 κτίσαι,
702 1463 857 1523 θΙιίσκελλον
882 1467 909 1525 tt
954 1482 1008 1528 sas,
1018 1465 1179 1535 Myscellout
1190 1468 1331 1519 Crotonem
1342 1466 1480 1531 conderet,
1491 1468 1636 1525 mandasse.
1650 1474 1736 1543 Atque

130 1544 275 1622 Κρότωνα·
290 1542 446 1617 uslausida
462 1545 554 1611 οὕτως.
598 1550 624 1606 Τ
624 1546 656 1617 ὴν
670 1546 721 1625 γάρ
743 1551 770 1606 ἐν
790 1550 910 1629 Κράτωνι
954 1568 996 1602 res
1017 1552 1052 1603 ita
1074 1554 1170 1607 evenit.
1207 1552 1274 1603 Nam
1289 1553 1411 1605 Crotonis
1431 1552 1607 1606 salubritatem
1619 1554 1737 1609 indicant

129 1632 229 1709 ὑγίειαν
249 1638 424 1713 μαρτυροῦσιν
444 1635 469 1692 ol
482 1633 544 1715 περὶ
562 1634 676 1695 Μίλωνα
691 1634 908 1710 Ὀλυμπιονῖκαι·
954 1645 994 1688 tot
1006 1637 1121 1689 victorie
1129 1637 1236 1690 Milonis
1247 1638 1273 1689 in
1283 1637 1428 1708 Olympiis,
1442 1639 1663 1709 Syracusanorum
1674 1659 1736 1695 vero

128 1716 178 1788 sals
193 1718 216 1777 δ’
231 1720 258 1776 la
271 1716 457 1798 Συρακουσίοις
474 1728 520 1780 τοῦ
533 1719 645 1779 πλούτου
659 1722 838 1799 θπερθολὴνὴ
856 1748 910 1783 ποι-
954 1722 1059 1776 divitias
1075 1724 1215 1777 immensas
1235 1724 1419 1795 proverbium,
1436 1725 1508 1796 quod
1531 1728 1558 1780 in
1574 1726 1652 1779 nimis
1665 1746 1736 1781 snm·

128 1803 220 1883 ροιμία
241 1803 353 1882 λίγουσα
372 1804 501 1883 περὶτῶν
521 1806 672 1885 ὖπερῦολιῦν
688 1807 841 1868 δτινΟὔδὲ
861 1810 909 1883 τὴν
954 1822 1044 1863 tuosos
1057 1810 1163 1875 dicitur,
1180 1812 1242 1863 ·Ne
1255 1810 1383 1865 decimam
1393 1812 1500 1883 quidem
1512 1814 1736 1883 Syracusanorum

125 1896 180 1951 τῶν
195 1893 381 1970 Συρακουσίων
393 1891 502 1964 δεκάτην
517 1893 629 1969 ipsiius.
644 1924 657 1947 ν
953 1908 1085 1968 permoto.
1105 1918 1115 1947 ν

166 1998 204 2040 22.
225 1976 291 2039 Ὅτι
315 1980 411 2051 ουνίὸη
438 1980 644 2060 Συρακουσίοις,
664 1987 829 2061 ἡγτμονινιοῖς
851 1978 909 2046 oiim
991 1999 1034 2037 22.
1055 1983 1330 2054 Syracusanis,quum
1351 1986 1399 2037 viri
1411 1996 1496 2038 essent
1517 1986 1613 2039 virtute
1633 1987 1735 2043 adim·

124 2064 171 2126 θιδ
190 2064 239 2137 τὴν
256 2066 351 2145 α’ριτὴν
364 2069 475 2139 ἑαυτῶν,
486 2068 696 2146 τυραννουμένοις
711 2094 738 2129 το
754 2072 844 2151 ἄρχετο
857 2079 909 2135 τῶν
953 2072 1057 2140 [νοτίοιο
1070 2068 1246 2121 exercendum
1260 2068 1364 2135 idonei,
1379 2070 1499 2136 obvenit,
1513 2081 1543 2124 ut
1554 2072 1604 2124 sub
1618 2074 1735 2143 tyrannis

125 2153 217 2211 ἄλλων
228 2153 273 2213 καί
287 2156 493 2233 ίλιυθερινθεῒσιν
508 2157 655 2235 ίλιυθεροῦν
672 2157 731 2225 τοθς
751 2158 845 2227 άλλους
859 2185 908 2221 κα·
953 2156 1087 2209 οοοοῦῑοῐλ
1100 2154 1206 2226 ffliqflis
1220 2166 1307 2209 lmen
1320 2157 1491 2227 imlffli'ffllv
1505 2175 1536 2211 οο
1554 2157 1655 2212 libefflli
1671 2160 1736 2213 Ιίλοο

123 2242 401 2319 τοδονοοττοορίνοος,
953 2259 968 2294 a
981 2242 1160 2295 dominatione
1175 2240 1321 2294 liberarent.

167 2348 203 2388 aa.
225 2325 290 2388 Ὅτι
304 2338 356 2395 τοῖς
376 2330 562 2409 Συρακουσίοις
584 2331 645 2391 κατ’
659 2332 743 2414 ἀρχὰς
764 2334 908 2413 ἐπολέμουν
989 2330 1034 2386 23.
1054 2333 1221 2401 Syracusanis
1244 2332 1319 2385 initio
1341 2332 1437 2386 belluni
1468 2333 1614 2387 intulerunt
1633 2337 1732 2401 Sicani,

127 2414 253 2485 Σικανοί,
269 2417 394 2491 Σικελοὶ,
411 2416 549 2496 Μόργητες
570 2417 617 2476 καί
630 2416 687 2477 δοοι
700 2420 775 2478 ἄλλοι
794 2422 842 2489 τὴν
857 2444 907 2498 μ.
952 2418 1048 2481 Siculi‚
1064 2420 1193 2487 hiergetes
1206 2428 1232 2470 et
1244 2426 1375 2489 quotquot
1386 2418 1604 2473 mediterraneam
1620 2440 1651 2474 ac
1663 2424 1735 2477 Μοτ-

123 2501 237 2579 σόγαιαν
252 2492 322 2584 ε’ίχον
337 2501 382 2561 καί
395 2500 442 2573 τὴν
457 2503 652 2583 Μοργαντίνην.
952 2504 1085 2571 sentinam
1099 2502 1256 2559 incolebant.

167 2607 203 2648 tt.
227 2588 293 2649 Ὀτι
306 2593 321 2648 θ
334 2587 458 2657 ‘Pniceis
473 2591 610 2667 ποταμὸς,
633 2594 669 2659 είς
692 2590 788 2668 λίμνην
809 2593 907 2673 μικράν
988 2594 1033 2654 'll-
1054 2590 1197 2643 Rhodium
1224 2590 1320 2643 fluvi&
1348 2608 1396 2661 Ροῐ
1418 2592 1503 2645 laeum
1530 2610 1583 2647 ⁰⁰¹1
1608 2610 1733 2663 magnum

125 2674 278 2750 ἐμὸάλλων,
292 2679 393 2753 άμιγῦς
406 2676 443 2734 δι’
456 2678 537 2747 αὐτῆς
549 2677 693 2757 διίρχεται·
706 2679 776 2738 τδδί
790 2680 907 2760 περὶτοῦ
953 2688 1037 2741 fluens
1049 2686 1128 2739 undis
1141 2686 1198 2757 ejus
1219 2704 1272 2740 non
1290 2688 1428 2752 miscetur;
1440 2687 1512 2759 quod
1533 2706 1596 2741 vero
1615 2700 1736 2745 narratur

125 2762 244 2843 ’θλοοῑοῦ
259 2770 380 2839 ποοομοῧ
401 2762 447 2822 κοί
469 2764 698 2845 antipodam,
719 2767 908 2846 μυθολάγνμα·
952 2782 986 2835 de
1001 2782 1103 2855 Alpheo
1125 2784 1234 2837 llumine
1255 2794 1281 2836 et
1302 2784 1445 2848 Arethusa,
1461 2784 1541 2837 idest
1563 2784 1733 2854 figmentum

126 2852 166 2907 ίτι
180 2851 208 2908 δὲ
226 2850 272 2955 καὶ
292 2855 338 2909 τοῦ
353 2850 457 2931 Ἰνάχου
473 2858 612 2929 ποταμοῦ,
628 2852 668 2911 θαι
681 2854 718 2939 ,ἐκ
744 2854 841 2913 Πίνδου
862 2854 908 2913 καὶ
952 2882 1015 2933 χω,
1029 2878 1101 2953 quod
1117 2879 1151 2933 de
1163 2881 1263 2934 Inacho
1277 2879 1555 2951 fluv10‚qujeppnd0
1566 2898 1613 2952 per
1624 2882 1734 2953 Amphi,

127 2934 294 3019 Ἄμίιλοχων
319 2938 364 2998 καὶ
388 2938 727 3020 Ἀκαρνάνων-ὁρμώμενος
742 2944 778 3008 ‘i‘
792 2942 840 3010 τὴν
861 2946 908 3015 τῆς
950 2983 1041 3038 lochos
1059 2993 1086 3038 et
1097 2988 1246 3036 Acarnanas
1260 3001 1339 3036 ruens
1358 2993 1437 3054 atque
1451 2981 1560 3036 Acheloi
1585 2985 1659 3054 aquis
1680 3003 1735 3038 sese

124 3027 240 3108 Ἀργείας
252 3031 387 3088 θάλασσαν
403 3030 503 3108 βάλλει,
518 3032 643 3112 πράτερον
660 3034 699 3110 τῷ
708 3030 830 3114 Ἀχελῴῳ
840 3057 907 3110 συμ-

124 3118 200 3195 μίξας
214 3119 244 3177 τδ
260 3119 369 3198 ῥεῖθρον,
384 3118 430 3176 καί
443 3123 490 3177 τοῦ
502 3121 528 3178 lv
541 3118 622 3197 Δήλῳ
636 3117 745 3179 ’ladano
768 3125 905 3196 ποταμοῦ,

123 3205 164 3265 dn
186 3209 217 3266 la
240 3209 292 3264 τῶν
316 3213 361 3266 τοῦ
386 3207 482 3267 Νείλου
506 3208 612 3286 φέρεται
633 3205 771 3284 ναμάτων,
793 3207 838 3266 καὶ
855 3209 904 3268 δοα

124 3298 251 3365 τοιαῦτα,
267 3294 381 3352 ἀπίθανα
399 3294 445 3354 χαλ
459 3293 577 3352 ἀδύνατά
592 3297 671 3354 imp,
951 3299 1029 3358 hique
1043 3287 1070 3341 id
1083 3305 1165 3357 geniis
1180 3287 1228 3340 alia
1241 3286 1402 3340 incredibilia
1413 3295 1440 3338 ei
1450 3285 1630 3356 impoflSibilii.

164 3401 203 3439 οο·
225 3380 317 3439 ’οτῑῦ
336 3383 362 3438 lv
376 3378 543 3459 Ἀμφιλόχοιο
558 3379 664 3459 ’ίναχος
688 3381 807 3457 ποταμὸς
831 3381 905 3458 δμώ-
987 3391 1030 3445 25.
1050 3390 1164 3444 Inachus
1186 3389 1281 3441 fluvius
1301 3389 1328 3441 in
1351 3387 1532 3458 Amphilochis
1550 3383 1620 3438 idem
1636 3401 1733 3439 nomen

124 3466 203 3542 νυμόι
230 3471 285 3526 ἐστι
310 3473 348 3543 τῷ
374 3466 499 3546 Ἀργείῳ·
524 3468 665 3544 ὠνομάσθη
697 3467 725 3524 δὲ
748 3466 830 3534 οὕτως
855 3469 906 3526 ὑπὸ
950 3479 1103 3533 habeteum
1118 3479 1223 3546 Argivo.
1261 3477 1323 3532 Fuit
1337 3485 1423 3528 autem
1444 3475 1478 3527 ab
1499 3473 1675 3545 Amphilochis
1696 3477 1733 3529 ita

125 3551 285 3632 Ἀμφιλόχου
307 3560 353 3612 τοῦ
376 3553 422 3610 καλ
447 3552 478 3610 ab
497 3550 590 3632 Ἀργος
615 3553 800 3632 Ἀμφιλοχικὸν
823 3556 905 3612 καλέ·
951 3567 1054 3630 dictus,
1080 3565 1127 3634 qui
1154 3573 1180 3615 et
1211 3566 1295 3632 Argos
1323 3561 1552 3632 Amphilochicum
1574 3558 1608 3612 de
1633 3579 1660 3612 se
1689 3579 1733 3615 νο-

125 3663 227 3706 σοντος.
950 3653 1027 3706 cavit.

163 3747 201 3791 aa.
224 3725 289 3787 'On
308 3725 351 3783 θιθ
365 3725 424 3791 τοὺς
438 3727 468 3784 lx
482 3724 589 3785 Αιὸὗων
603 3726 769 3804 πολίμοοςὴ
795 3727 905 3787 Σικελία
987 3743 1031 3790 26.
1052 3737 1138 3790 Sicilia
1151 3735 1224 3788 bellis
1242 3733 1348 3804 Libycis
1359 3731 1454 3802 afflicta
1473 3751 1572 3804 paucos
1585 3734 1732 3788 babetcul·

123 3815 332 3893 θλιγανθρωιτεῖ·
348 3811 387 3870 διὸ
404 3811 536 3888 Ῥωμαῖοι
553 3813 652 3883 ταύτην
670 3812 805 3891 ἐνέμοντο,
821 3815 905 3871 inno·
950 3835 1036 3887 tores;
1056 3824 1143 3892 itaque
1162 3822 1273 3875 Romani
1296 3837 1353 3872 eam
1377 3819 1530 3884 coluerunt,
1544 3837 1671 3892 equorum
1689 3840 1731 3876 ar·

125 3897 221 3978 φίρθια
241 3898 286 3957 καλ
305 3897 401 3978 ἀγέλαι
414 3899 516 3978 ἔχοντες
530 3899 576 3958 καὶ
590 3900 704 3967 δούλους.
745 3891 827 3960 Οὗτοι
842 3900 905 3958 δὀί
950 3920 1053 3974 menta,
1074 3909 1155 3961 boum
1179 3924 1267 3976 greges
1287 3916 1313 3959 et
1331 3923 1420 3958 servos
1442 3905 1494 3958 illie
1516 3905 1649 3960 habentes.
1696 3909 1731 3961 111

124 3987 211 4045 δοῦλοι
224 3985 383 4066 κατέτρεχον
397 3986 445 4056 τὴν
460 3984 597 4062 Σικελίαν,
612 3985 658 4044 καὶ
670 3989 730 4043 κατ’
746 3985 847 4062 ὀλίγως
860 3984 905 4042 καί
950 3995 1017 4048 servi
1031 4012 1078 4065 per
1092 3993 1202 4046 insulam
1219 3992 1354 4045 latrocinia
1374 4003 1561 4057 exemerunt,
1581 3994 1658 4064 pauci
1678 3997 1732 4066 pri.

124 4073 167 4130 tet
184 4073 268 4132 Εὗνου
281 4117 290 4148 ,
305 4078 351 4131 τοῦ
365 4071 411 4130 τδν
425 4074 544 4131 δουλικὸν
559 4072 699 4152 ἐξάψαντος
712 4075 839 4148 πόλεμον,
858 4072 904 4130 οθν
950 4099 1041 4144 mum,
1057 4080 1153 4133 ‹le'nde
1167 4078 1216 4132 snb
1229 4081 1323 4144 Eune,
1335 4079 1381 4149 qui
1394 4079 1485 4131 servile
1500 4078 1596 4131 bellum
1609 4081 1732 4135 excitavit

125 4163 234 4228 πολλοῖς
256 4161 384 4239 χιλιάσιν.
427 4159 541 4239 Ἀνήχθη
567 4159 595 4221 δὲ
620 4160 664 4218 καί
692 4161 791 4232 ληστής
814 4183 853 4224 τις
878 4161 905 4217 tv
950 4167 1037 4220 multis
1047 4165 1170 4220 millibus.
1209 4165 1269 4217 Fuit
1278 4165 1356 4217 etiam
1368 4165 1477 4216 Romam
1490 4162 1642 4217 adductuse
1655 4165 1731 4220 latro·

123 4245 218 4326 Ῥώμῃ
242 4247 365 4318 Σικελὸς,
387 4247 526 4323 λεγόμενος
550 4247 647 4316 Αἴτνης
671 4248 724 4312 υίὸς
748 4237 830 4318 εἶναι,
852 4246 904 4306 Σέ-
949 4253 1027 4306 nibus
1036 4251 1136 4306 Siculus
1144 4249 1444 4322 qnidam‚quiselilium
1460 4250 1543 4302 AEtnae
1558 4249 1730 4320 pmdicabat,

125 4335 212 4410 ρουλος
229 4331 329 4408 ὄνομα,
343 4332 371 4397 t<
386 4331 513 4400 πολλάκις
534 4333 724 4411 μονομαχήσας
740 4332 847 4412 decapoli
860 4334 905 4391 ίπί
950 4339 1058 4393 Seruius
1072 4339 1187 4391 nomine.
1227 4338 1404 4406 [spostquam
1417 4353 1485 4406 saepe
1503 4336 1627 4405 singulari
1648 4345 1731 4391 certa-

123 4443 190 4486 τινος
205 4419 345 4499 πνῖγματος
361 4423 389 4479 ἐν
412 4423 445 4499 τῇ
467 4424 568 4502 ἀγορᾷ,
584 4423 683 4499 ἀγῶνος
694 4423 901 4501 συνισταμένου,
948 4428 1020 4480 minc
1029 4442 1182 4495 congressus
1192 4423 1450 4494 suerat‚postremo,
1463 4440 1545 4493 quum
1556 4423 1730 4494 gladiatorum

123 4506 203 4573 τεθείς
226 4509 345 4587 ὑψηλοῦ,
364 4510 400 4575 ὡς
421 4505 453 4566 θν
476 4509 521 4568 tet
541 4513 589 4582 τῆς
609 4507 721 4582 Αἴτνης,
741 4509 904 4576 διαλυθέντος
947 4513 1124 4584 spectaculum
1142 4511 1318 4576 exhiberetur,
1334 4511 1362 4564 in
1375 4509 1491 4564 abutare
1508 4512 1608 4582 positus
1624 4511 1730 4567 sublimi

123 4593 255 4675 αἰφνιδίως
271 4591 302 4652 ίιι
319 4615 386 4660 τινος
408 4599 532 4673 μηχανῆς
550 4595 596 4654 καὶ
609 4594 805 4672 συμπεσόντος,
821 4619 902 4669 aava·
948 4612 1073 4673 tanquam
1086 4602 1113 4653 in
1127 4599 1217 4664 AEtna,
1232 4617 1264 4652 eo
1278 4597 1365 4650 subito
1379 4596 1499 4650 machina
1519 4596 1633 4668 quadam
1646 4597 1731 4651 disso-

122 4681 203 4762 νίχθη
217 4681 262 4740 καὶ
282 4680 358 4747 abab<
379 4683 416 4749 εἰς
437 4682 585 4761 γαλεάγρας
604 4683 700 4762 θηρίων
724 4682 903 4756 εὖδιαλάτους,
947 4689 1002 4742 luto
1014 4687 1179 4758 etcollapso‚
1195 4685 1288 4756 ipsein
1300 4683 1415 4738 solutiles
1428 4683 1569 4736 bestiarum
1591 4699 1680 4736 caveas
1694 4681 1729 4736 ad

124 4771 241 4841 ίπίτηθες
272 4773 520 4850 παρισαιυασμίνας
548 4770 599 4830 θπδ
628 4775 667 4850 τῷ
694 4770 830 4851 πήγμοτι,
857 4771 903 4831 καί
947 4777 998 4830 boc
1010 4775 1095 4846 ipsum
1108 4771 1176 4826 inira
1186 4771 1330 4826 tabulatum
1343 4780 1446 4841 paratas
1457 4770 1729 4840 estpraecipitatns,et

124 4853 235 4935 ίῦρώθη.
946 4864 1101 4917 dilaceratus
1112 4871 1161 4914 eat.

952 3086 1063 3138 miscens
1086 3087 1114 3138 in
1130 3101 1203 3138 mare
1231 3085 1358 3153 Argivum
1380 3082 1482 3152 ingredi
1500 3082 1597 3150 sertum
1619 3086 1735 3155 itemque

951 3186 1023 3259 quod
1039 3190 1138 3258 Inopus
1160 3185 1218 3239 Deli
1241 3186 1337 3240 fluvius
1358 3185 1440 3238 eNili
1465 3185 1570 3238 liuentis
1589 3183 1732 3252 derivatim,

127 5119 162 5153 νει
175 5101 197 5152 θ’
210 5101 302 5159 codex.
323 5103 428 5158 inclina
438 5104 628 5176 supplevimus.
649 5107 661 5174 ll
679 5135 715 5146 -
728 5121 772 5159 21.
790 5121 819 5175 p.
838 5109 901 5174 269,
947 5105 1044 5174 γένοιτο
1058 5101 1140 5162 αὐτοῖς
1150 5099 1165 5166 h
1176 5098 1348 5170 Συρακουσίων
1355 5097 1443 5163 δεκάτη
1454 5095 1562 5159 Strabo,
1574 5094 1620 5148 nbi
1630 5111 1655 5151 v.
1667 5103 1724 5148 not.

54 5209 57 5214 ·
125 5184 178 5234 CD.
193 5181 249 5250 περὶ
264 5187 313 5234 τῶν
330 5181 491 5253 imponito]
505 5184 561 5253 περὶ
580 5188 630 5236 τῶν
649 5181 850 5253 θπιραολυτελῶν
862 5184 902 5237 vel
946 5183 1006 5236 crit.
1023 5199 1051 5253 p.
1063 5183 1115 5251 978
1125 5179 1167 5233 ed.
1179 5179 1269 5232 Didot.
1281 5182 1294 5246 ΙΙ
1304 5185 1416 5230 -22et
1428 5176 1472 5228 αδ.
1486 5193 1514 5248 p.
1528 5191 1590 5244 270,
1605 5177 1663 5228 AB.
1677 5174 1727 5241 ll·-

124 5258 315 5330 ὓπερπλοίιτωνθ
326 5262 384 5331 eph<
396 5262 453 5323 τοθς
466 5262 529 5332 dyas
543 5261 704 5328 πολυτελεῖς,
714 5262 748 5325 die
761 5260 805 5314 etz
820 5262 849 5314 ἂν
862 5259 901 5314 ἐκ·
950 5265 993 5323 24.
1004 5277 1030 5330 p.
1043 5276 1105 5330 270,
1122 5263 1155 5314 D.
1172 5259 1182 5328 ll
1194 5287 1230 5299 -·
1241 5256 1285 5310 25.
1298 5273 1324 5326 p.
1337 5271 1399 5325 271,
1412 5258 1488 5308 BCD.
1504 5255 1514 5323 ll
1524 5281 1559 5294 -
1570 5255 1614 5304 26.
1626 5269 1652 5321 p.
1662 5249 1724 5317 273,

227 5363 308 5402 aanor·
322 5365 347 5401 u.
1584 5348 1610 5388 aa
