3884 5925
163 439 219 493 tit
814 427 955 493 sottus
974 428 1086 495 olims

122 557 148 618 Δ
162 561 237 624 nior,
253 576 313 631 quse
322 560 377 615 sola
391 563 418 615 in
432 578 459 615 se
471 560 558 614 studia
570 561 669 613 habens
680 558 801 612 sufficere
812 560 863 614 sibi
877 571 937 613 tsn-
982 570 1089 614 vocatur
1108 559 1219 620 Salona.
1234 561 1409 631 Dyrrachium
1427 578 1490 617 vero
1502 575 1611 636 propter
1629 566 1754 621 nulitiam

160 656 326 718 tumpotest.
356 651 402 702 Est
413 651 483 701 enim
494 650 629 719 provincia
640 648 726 700 brevis
738 657 765 700 et
778 648 935 713 montensis,
981 648 1154 701 habitantium
1176 647 1311 702 destructe
1334 658 1373 701 est
1402 658 1430 702 et
1450 650 1477 701 in
1501 651 1677 723 profundum,
1703 653 1757 708 deo

161 750 220 803 quae
231 733 316 803 fruges
328 736 421 803 gignit,
436 734 524 786 oleum
535 749 643 803 perraro
655 748 770 803 paucum
784 742 811 785 et
823 733 875 786 mel
888 736 935 787 At·
980 736 1119 799 iramonte,
1141 735 1276 788 submersa
1293 750 1348 787 non
1364 738 1523 806 comparuit.
1564 740 1688 809 Sequitur
1704 742 1757 794 Ca·

163 821 255 884 ticum,
268 829 295 872 et
305 823 387 889 ineps
399 820 468 873 lama
481 819 609 873 docmina
620 829 645 872 et
655 830 790 872 oratorum
800 818 882 888 gloria
894 819 938 873 de·
980 821 1063 874 labris
1090 820 1271 873 frumentifera
1289 822 1316 873 in
1342 822 1465 875 omnibus
1482 822 1568 878 bonis.
1601 827 1665 878 Post
1687 826 1759 879 hane

160 916 277 960 coeatur.
291 906 375 959 Habet
388 916 475 958 autem
487 904 604 958 civitates
615 905 726 975 optimas
740 905 898 958 Corinthum
911 915 937 960 et
980 906 1097 970 Bruttia,
1129 922 1187 975 qua
1212 914 1313 958 restem
1338 915 1365 958 et
1392 906 1483 959 vinum
1506 907 1619 961 multum
1639 920 1666 962 et
1689 912 1759 981 opti-

163 990 293 1043 Athenas.
320 990 464 1044 Corinthus
485 992 598 1059 negotiis
618 991 699 1058 vigea
725 989 805 1042 habet
825 1000 851 1042 et
869 1006 936 1060 npns
979 1007 1053 1044 mum
1066 992 1156 1045 mittit.
1173 993 1236 1045 Post
1247 992 1316 1045 hanc
1330 993 1449 1044 Lucania
1461 994 1533 1061 regio
1546 996 1684 1063 optimaet
1697 1014 1756 1050 om·

159 1076 323 1145 praecipuum
335 1075 575 1146 amphitheatrum,
588 1075 698 1129 Athenae
707 1090 772 1126 rere
782 1073 840 1126 solu¹
849 1074 936 1129 studia
980 1078 1057 1131 nibus
1067 1078 1144 1131 bonis
1157 1079 1312 1142 abundans,
1326 1077 1431 1131 lardum
1451 1079 1564 1131 multum
1576 1080 1633 1133 aliis
1647 1084 1757 1152 provin·

160 1158 305 1214 literarum.
319 1162 449 1213 laconica
458 1162 684 1233 Croeinotantum
694 1159 790 1231 lapide,
803 1176 883 1230 quem
893 1160 936 1212 di·
979 1166 1026 1218 ciis
1042 1166 1138 1231 mittit,
1152 1166 1278 1235 quoniam
1293 1175 1398 1219 montes
1411 1164 1467 1235 ejus
1484 1174 1512 1218 et
1525 1168 1604 1219 variis
1618 1167 1757 1223 urendam

160 1255 224 1297 eant
238 1245 483 1309 lacedaemonium,
496 1247 584 1299 ornari
594 1256 709 1315 putator.
979 1250 1134 1303 animalibus
1143 1261 1170 1303 et
1178 1250 1291 1321 plurima
1299 1264 1406 1319 pascua

196 1330 240 1382 53.
257 1333 320 1384 Post
337 1329 462 1400 Aebajam
480 1332 555 1402 Epiri
568 1340 655 1400 partes
668 1340 695 1383 et
707 1331 802 1383 civitas
817 1330 933 1401 Ephyra.
1015 1334 1059 1398 54.
1074 1337 1136 1388 Post
1149 1335 1217 1387 hanc
1235 1334 1357 1405 sequitur
1377 1334 1521 1405 Campania
1542 1338 1678 1405 purrincia
1699 1354 1755 1391 non

159 1420 223 1470 Post
233 1418 301 1470 hanc
318 1418 467 1491 Nicopolis,
481 1435 540 1488 quar
553 1418 653 1487 piscem
666 1416 780 1470 multum
801 1419 935 1470 marinum
979 1418 1054 1472 valde
1074 1436 1184 1489 magna,
1203 1418 1250 1471 sed
1263 1418 1314 1471 sibi
1332 1416 1464 1471 sufficiens
1472 1428 1511 1501 'et
1519 1421 1590 1473 viros
1602 1420 1697 1475 divites
1708 1422 1756 1477 ha·

160 1504 286 1557 abundat.
303 1506 367 1556 Post
382 1504 451 1557 hanc
464 1504 542 1573 paulo
559 1501 681 1573 superius
689 1501 819 1555 Dalmatia
835 1513 875 1554 est
888 1519 935 1554 ne-
979 1503 1054 1558 bens.

159 1591 237 1659 gotiis
250 1592 340 1659 vigens
361 1600 388 1643 et
400 1592 498 1661 species
517 1600 571 1643 tres
590 1589 665 1642 utiles
679 1590 804 1653 mittens,
818 1605 933 1653 meum,
1016 1588 1405 1659 55.P0sttraecta1useqotrur‚
1415 1588 1511 1642 multas
1520 1589 1621 1644 hahens
1633 1602 1659 1644 et
1671 1594 1757 1646 varias

158 1680 231 1746 tigna
240 1686 266 1730 et
280 1677 390 1731 serrum.
408 1680 444 1731 Et
459 1678 538 1730 habet
549 1678 682 1730 civitatem
696 1675 861 1746 splendidam
875 1693 935 1746 qnae
979 1676 1097 1729 civitates
1118 1676 1243 1747 etplenas
1256 1675 1380 1728 omnibus
1401 1676 1490 1729 bonis.
1508 1678 1575 1731 Sunt
1588 1678 1669 1747 igitur
1685 1680 1756 1733 inea

119 1829 144 1888 B
159 1832 266 1903 Aehaja,
280 1835 381 1888 Gracia
394 1844 421 1887 et
435 1835 563 1887 laconica
575 1843 661 1898 terra,
671 1850 731 1903 qua
741 1834 768 1885 in
778 1850 806 1886 se
820 1832 931 1904 [studia]
981 1832 1102 1903 superias
1115 1832 1243 1885 Dalmatia
1261 1842 1315 1897 eet,
1330 1848 1389 1903 quse
1401 1834 1429 1885 in
1441 1835 1552 1902 negotiis
1569 1837 1687 1888 eminens
1697 1852 1757 1889 esse

158 1919 267 1983 habens,
279 1920 379 1972 nonsic
390 1900 456 1984 iltis,
466 1918 584 1972 sufficere
596 1918 647 1972 sibi
660 1928 831 1990 potest3nam
838 1928 866 1971 et
878 1919 935 1988 ipsa
980 1916 1086 1973 dieitur.
1105 1918 1216 1971 Caseum
1235 1918 1323 1989 itaque
1344 1918 1527 1973 Dalmatarum
1549 1923 1758 1990 magnatensis

158 2005 294 2074 provincia
307 2004 393 2056 breuis
403 2015 443 2056 ast
454 2013 481 2055 et
493 2013 641 2067 montuosa,
649 2013 677 2055 et
684 2020 739 2056 non
745 2013 848 2055 mutum
855 2002 936 2071 tragi-
981 2001 1068 2067 utilia,
1082 2002 1200 2056 similiter
1210 2013 1238 2055 et
1252 2002 1367 2065 serrum,
1379 2014 1431 2056 tres
1442 2006 1554 2074 species,
1566 2024 1627 2058 erun
1641 2008 1694 2059 sint
1703 2009 1759 2060 uti·

159 2089 216 2142 scra
224 2098 311 2160 potest
322 2106 395 2152 esee;
407 2087 494 2141 oleum
505 2106 569 2141 sero
579 2106 611 2141 ex
622 2105 706 2159 paam
717 2098 822 2157 generat
829 2126 838 2153 ,
848 2086 935 2141 etmel
979 2086 1027 2153 lia,
1040 2087 1177 2143 abundans
1190 2089 1292 2145 emittit.
1311 2090 1345 2143 Et
1358 2089 1436 2143 babet
1448 2091 1577 2143 civitatem
1590 2090 1758 2161 splendidam

161 2177 294 2239 Atticum,
316 2184 344 2228 et
360 2175 441 2243 ineps
462 2174 530 2227 lama
543 2172 721 2227 doctrinarum
740 2184 767 2227 et
785 2176 934 2229 orationum
979 2172 1108 2229 Salonam.
1126 2175 1300 2245 Dyrrachium
1310 2185 1418 2245 propter
1430 2175 1604 2229 habitantium
1616 2176 1755 2243 malitiam,

161 2261 300 2329 glorificari
317 2270 418 2331 potest,
445 2261 474 2313 in
493 2260 550 2313 aliis
562 2262 632 2314 enim
645 2277 725 2330 quam
740 2261 860 2331 plurimis
879 2278 933 2314 non
980 2260 1074 2325 adeo,
1090 2262 1171 2331 magis
1185 2279 1245 2315 vere
1260 2272 1291 2315 ut
1303 2261 1410 2326 dicunt,
1426 2260 1561 2315 descendit
1571 2272 1598 2315 et
1613 2280 1666 2315 non
1675 2280 1757 2333 appa-

159 2347 207 2399 sic.
222 2347 344 2399 Crvitates
354 2356 441 2399 sutem
454 2344 600 2408 muethus,
608 2345 798 2399 Corinthumet
807 2346 933 2413 Athenas,
981 2347 1044 2402 ruit.
1059 2346 1161 2400 Deinde
1177 2346 1233 2416 jam
1246 2345 1340 2401 ordine
1358 2348 1501 2417 provincia
1522 2365 1529 2401 ε
1545 2347 1679 2411 Calabria,
1694 2366 1756 2417 quae

159 2431 318 2483 Corinthum
335 2429 407 2483 euim
419 2429 549 2483 ciuitatem
561 2428 670 2482 multam
684 2431 711 2482 iu
725 2430 835 2498 negotiis
848 2440 875 2483 et
889 2430 933 2483 ba·
980 2429 1158 2485 frumentilera
1178 2448 1240 2485 cum
1263 2432 1311 2497 sit,
1333 2430 1450 2485 abundat
1471 2433 1499 2485 iu
1521 2431 1645 2485 omnibus
1663 2431 1758 2499 Ιιοιιίες

158 2514 264 2569 mntem
276 2533 343 2587 opus
360 2516 521 2585 precipuum
534 2514 732 2584 amphitheatri,
745 2514 859 2567 Athenas
873 2532 935 2569 vero
980 2515 1117 2586 posthanc
1129 2517 1231 2569 Bruttia
1244 2526 1271 2567 et
1283 2517 1338 2587 ipsa
1350 2517 1448 2585 optima
1461 2532 1544 2585 quum
1559 2517 1607 2579 sit,
1619 2518 1757 2585 negotium

158 2611 187 2655 et
204 2602 323 2655 historias
344 2600 465 2670 antiquas
486 2609 514 2653 et
534 2598 635 2668 aliquid
652 2598 763 2667 dignum
784 2600 933 2666 nourinatu,
979 2603 1075 2655 emittit
1087 2612 1183 2656 restem
1195 2602 1295 2655 birrum
1306 2612 1333 2655 et
1344 2602 1435 2657 vinum
1445 2601 1558 2655 multum
1569 2604 1752 2672 etoptimuur;

159 2706 263 2753 mecm,
278 2688 326 2740 ubi
350 2687 439 2740 multis
452 2687 544 2739 statuis
565 2685 694 2738 stantibus
706 2685 824 2739 mirabile
842 2696 882 2739 est
899 2689 936 2741 ri·
978 2697 1037 2757 post
1054 2688 1184 2741 Bruttium
1199 2687 1314 2741 Lucania
1328 2687 1399 2755 regio
1413 2688 1513 2756 optima
1523 2697 1549 2739 et
1558 2688 1615 2757 ipsa
1628 2688 1754 2741 omnibus
1798 2682 1803 2689 ’

162 2775 225 2829 dere
245 2773 387 2829 dicendum
405 2774 575 2844 antiquonum
595 2771 703 2825 baum.
727 2773 856 2825 laconica
872 2790 934 2827 vero
978 2772 1126 2837 abundans,
1140 2772 1185 2843 (et)
1199 2772 1302 2827 lardum
1314 2772 1426 2827 multum
1441 2772 1510 2825 lorus
1524 2774 1754 2843 emittit,propte-

158 2863 215 2917 selo
227 2864 341 2917 crocino
358 2860 460 2932 lapide,
479 2874 559 2931 quem
575 2860 670 2915 dicum
687 2859 932 2926 lacedemoniam,
978 2876 1024 2913 rea
1035 2858 1106 2929 quod
1118 2870 1156 2913 ast
1169 2860 1197 2913 in
1216 2859 1348 2913 montibus
1362 2857 1417 2927 eiras
1431 2876 1490 2913 esea
1504 2858 1655 2934 animalium
1668 2861 1754 2919 varia.

158 2951 247 3005 meari
260 2959 378 3020 putatur.
945 2985 949 2994 -
1014 2946 1058 3010 tt..
1078 2949 1141 3001 Post
1151 2965 1208 3002 eam
1222 2947 1363 3019 Campania
1376 2946 1525 3017 provincia,
1537 2965 1592 3005 uon
1607 2946 1680 3000 valde
1693 2948 1751 3017 qui-

194 3037 239 3090 5³.
251 3037 314 3090 Post
324 3033 450 3103 Achajam
462 3041 502 3086 est
515 3033 633 3086 invenire
646 3032 720 3102 Epiri
730 3041 818 3103 perta
832 3042 858 3085 et
868 3034 932 3086 eivi-
977 3033 1038 3086 dem
1050 3050 1160 3102 magna,
1170 3032 1264 3088 divites
1275 3043 1362 3088 autem
1373 3035 1442 3088 viros
1454 3033 1590 3103 possidens
1600 3036 1690 3106 etipsa
1701 3036 1757 3090 sibi

157 3131 238 3174 tatem
248 3137 307 3190 qua
319 3120 357 3172 sio
365 3128 473 3172 vocatur
487 3118 609 3188 Ephyram
623 3117 833 3188 provinciaram
846 3134 862 3169 a
874 3118 934 3187 qui·
976 3117 1108 3172 sufficiens
1119 3129 1146 3173 et
1156 3119 1288 3172 cellarium
1301 3119 1420 3188 regnanti
1432 3121 1535 3176 Bomae.

157 3205 270 3260 busdam
282 3206 394 3275 Epims,
408 3221 425 3258 a
438 3202 596 3274 quibudam
615 3202 721 3257 AEtolia.
736 3202 836 3254 Civitas
855 3203 933 3256 Nico·
1013 3204 1604 3276 55.urposresm1run,quaeern0minae
1615 3206 1696 3261 verbo
1707 3225 1753 3262 so·

158 3293 239 3364 polis,
261 3307 320 3362 quae
337 3291 435 3360 piscem
461 3288 575 3342 multum
597 3289 728 3340 marinum
748 3286 881 3350 abundat,
901 3298 932 3340 nt
976 3287 1032 3341 lum
1044 3299 1091 3342 aut
1104 3290 1131 3342 in
1148 3289 1375 3358 nominegloriarn
1388 3299 1462 3368 suam
1475 3289 1603 3353 ostendit,
1617 3291 1711 3344 multas
1723 3303 1753 3346 et

157 3379 233 3432 odire
244 3378 358 3448 speciem
372 3375 505 3438 videntem
517 3375 687 3446 aliquantam.
699 3375 764 3427 Post
775 3372 844 3427 hane
854 3373 933 3446 paulo
976 3376 1060 3428 varias
1072 3375 1190 3430 civitates
1204 3375 1302 3428 habens
1315 3385 1341 3428 et
1350 3375 1472 3430 omnibus
1481 3375 1557 3430 bouis
1569 3376 1645 3446 plena
1655 3379 1758 3446 regitur

192 3539 271 3607 553.
289 3540 323 3593 A.
340 3536 458 3608 Ephyra]
477 3534 599 3606 Ephyres
617 3532 768 3598 codd.,nisi
782 3531 854 3602 quod
869 3534 931 3587 iuA
974 3534 1041 3588 cebo
1058 3533 1177 3606 pluribus
1196 3533 1230 3588 ad
1251 3532 1593 3604 legemdeod.'l'beod.de
1606 3552 1710 3588 annona
1723 3547 1751 3588 et

157 3617 257 3690 Epirus
266 3613 560 3684 cod.Par.ss-euseum]
574 3611 615 3666 Cf.
624 3611 723 3664 Plinius
741 3628 782 3677 rr,
797 3614 842 3676 la,
856 3613 932 3680 §¹240
974 3611 1037 3668 trib.
1053 3615 1093 3666 Ita
1102 3610 1173 3684 apud
1184 3611 1355 3664 Athanasium
1368 3629 1420 3662 non
1433 3611 1520 3666 semel.
1535 3613 1567 3663 Iu
1584 3611 1678 3684 synodi
1691 3615 1752 3666 Sar·

156 3694 190 3747 ed
201 3689 521 3763 &dign-Dyrrachium]
531 3691 707 3759 Hieronymus
721 3689 822 3742 Chron.
837 3689 871 3741 ad
886 3707 929 3743 an.
975 3688 1087 3741 dioensis
1106 3689 1181 3758 epist.
1193 3685 1227 3739 ad
1244 3685 1435 3740 Alexandrinos
1449 3686 1518 3756 apud
1533 3689 1657 3741 Athenas.
1671 3689 1749 3761 Apol.

157 3774 209 3836 346
220 3791 247 3842 p.
263 3773 339 3837 Chr,
351 3789 393 3827 au.
410 3772 426 3824 8
440 3769 585 3821 Constantii
596 3767 660 3837 imp.
672 3783 678 3819 :
692 3765 866 3835 Dyrrachium
878 3785 933 3819 corr·
975 3782 1002 3830 a,
1014 3784 1042 3836 p.
1059 3767 1109 3821 ⁵88
1124 3782 1131 3818 ι
1145 3763 1161 3830 ἡ
1177 3763 1235 3834 ἇγῐα
1249 3765 1349 3825 σύνοδος
1363 3765 1514 3834 συναχθεῖσα
1532 3764 1580 3819 dnb
1598 3765 1696 3837 Ῥώμης
1709 3769 1752 3819 rial

157 3850 212 3903 ruit
234 3861 308 3902 terroe
326 3859 397 3901 motu
410 3859 437 3899 et
455 3845 541 3898 tribus
562 3844 682 3898 noctibus
703 3861 735 3896 aa
747 3842 838 3895 diebus
852 3847 934 3896 Aonia
978 3841 1101 3907 Ἰταλίας,
1116 3841 1273 3912 Καμπανίας,
1289 3841 1445 3912 Καλαΰρίας,
1463 3841 1598 3906 bucellae.
1616 3847 1649 3897 Et
1669 3845 1752 3898 Atha·

156 3929 275 3991 nutavit,
281 3926 451 4000 plurimaque
466 3922 614 3995 wmpanioe
625 3922 699 3976 urbes
711 3933 825 3976 vurta.
838 3921 933 3975 Caedre-
975 3922 1062 3972 nasius
1081 3921 1136 3990 ipse
1150 3919 1297 3989 provintias
1310 3935 1462 3982 mcensens,
1475 3937 1506 3972 ex
1519 3921 1615 3990 quihus
1628 3921 1662 3973 ad
1674 3939 1754 3990 syno-

157 4023 206 4060 nas
221 4007 255 4059 ad
271 4005 417 4059 Consmntii
437 4019 481 4056 an.
496 4021 513 4071 9
527 4017 534 4054 ι
548 4001 591 4072 Τῷ
609 3999 634 4053 θ’
645 4000 695 4053 lesi
707 4001 843 4070 Δυρράχιον
862 3998 933 4062 πόλις
976 3997 1040 4050 dnm
1062 3997 1241 4051 Serdioensem
1264 3998 1379 4067 episcopi
1405 4009 1598 4063 convenerunt,
1626 3997 1747 4063 Ἰταλίας,

153 4089 202 4150 τῆς
209 4084 349 4155 Δαλματίας
357 4082 405 4135 tae
417 4083 520 4151 σεισμοῦ
530 4080 659 4150 διεφθάρη,
668 4079 710 4130 rial
725 4076 809 4148 Ῥώμη
821 4077 846 4132 ἔν
856 4078 933 4148 τρισὶν
976 4073 1101 4142 Πικηνοῦ,
1116 4075 1251 4137 ternae,
1263 4074 1421 4144 Καμπανίας,
1437 4074 1589 4145 Καλαὸρίας,
1609 4074 1749 4140 Ἀπουλίας,

156 4161 322 4216 teatinus
338 4160 441 4230 ἡμέραις
451 4158 580 4228 σειομένη,
592 4159 637 4222 τῆς
646 4155 673 4208 δὲ
685 4155 828 4226 Καμπανίας
845 4155 876 4208 a‘
888 4157 932 4209 nd·
975 4151 1091 4223 Βρεττίας
1109 4163 1171 4218 etc,
1190 4163 1217 4206 et
1238 4155 1315 4222 epist.
1335 4151 1368 4206 ad
1387 4152 1455 4208 solit.
1468 4153 1515 4206 vit.
1530 4171 1557 4224 p.
1568 4158 1635 4218 tto,
1647 4153 1681 4206 dc
1694 4155 1752 4224 epi-

155 4242 206 4304 λεις
225 4241 396 4311 διεφθάρησαν.
422 4238 526 4306 u-Iu
544 4236 563 4287 B
584 4233 667 4301 magis
681 4252 742 4287 uero
762 4233 855 4288 codex.
874 4234 933 4304 ss÷
975 4233 1061 4303 scopis
1074 4249 1152 4301 agens
1165 4231 1211 4300 qui
1228 4247 1316 4283 aecum
1328 4229 1571 4295 communicabant,
1583 4229 1631 4282 dud
1650 4249 1692 4293 re,
1707 4230 1748 4283 in-

156 4317 265 4390 dirrum]
289 4318 392 4386 byrrum
413 4313 474 4368 cod.
497 4313 528 4366 B.
547 4309 589 4365 Cl.
609 4313 748 4381 Augustin.
766 4329 881 4367 sermom
899 4310 933 4365 de
975 4311 1048 4380 quit,
1063 4313 1107 4376 τῆς
1123 4307 1232 4380 μεγάλης
1247 4305 1344 4377 Ῥώμης
1355 4307 1398 4358 καὶ
1410 4311 1453 4373 τῆς
1467 4305 1574 4368 Ἰταλιας
1587 4308 1680 4373 πάσης,
1693 4307 1750 4360 Κα-

156 4398 249 4452 divers.
266 4400 310 4464 49,
323 4393 409 4446 Edict.
422 4389 531 4444 Dioclet.
547 4407 575 4460 p.
595 4404 640 4454 σος
658 4390 788 4460 Vopiscus
802 4390 890 4444 Cario.
906 4408 931 4443 c.
976 4387 1080 4460 λαὸρῐας
1097 4406 1124 4440 τε
1145 4385 1187 4438 καὶ
1209 4385 1336 4446 'lucullus
1355 4385 1397 4437 aul
1417 4385 1575 4454 Καμπανίας,
1591 4385 1705 4454 Βρεττίας
1724 4403 1751 4438 τε

155 4493 200 4539 ²03
214 4472 374 4528 Artemidor.
389 4469 462 4524 AEtb.
475 4486 502 4529 a.
517 4467 543 4533 35
557 4466 649 4520 Suidas
667 4484 691 4520 ν.
706 4467 804 4536 Blppor.
825 4469 931 4520 Ducan·
974 4477 1025 4522 etc.
1039 4493 1050 4514 ι
1065 4469 1206 4522 Coruora.
1223 4465 1234 4533 ll
1248 4493 1284 4504 —
1298 4461 1477 4534 Tiburtinum]
1490 4463 1663 4515 Dedurtinum
1677 4465 1746 4526 Par„

154 4554 211 4621 gius
224 4554 289 4604 Lex.
304 4560 330 4603 et
351 4548 440 4618 Steph.
454 4547 534 4600 Thes.
553 4563 576 4597 s.
597 4561 624 4599 v.
643 4543 732 4614 βῐρρος.
750 4545 762 4612 ΙΙ
778 4555 933 4615 -propter
974 4542 1146 4596 Divertinum
1161 4539 1190 4596 B.
1206 4541 1217 4611 ΙΙ
1229 4540 1361 4593 -Verba
1372 4539 1509 4592 civitatem
1521 4539 1750 4592 eminentissimam

154 4631 225 4702 quod
235 4642 273 4682 est
286 4627 461 4690 inruentibus,
477 4626 552 4696 cujus
566 4640 650 4677 escam
661 4621 816 4675 animalium
826 4621 931 4674 variam
974 4631 1000 4672 et
1021 4621 1129 4688 regalem
1145 4637 1203 4691 quoe
1223 4618 1324 4672 dieitur
1336 4636 1389 4673 om.
1407 4618 1469 4671 Cav.
1497 4619 1557 4686 ll-
1577 4618 1752 4690 unusquisque

154 4709 238 4763 00d01
248 4710 279 4761 B.
539 4698 542 4702 ’
976 4696 1079 4750 illorum
1092 4699 1153 4751 Par.
1169 4697 1179 4766 ΙΙ
1193 4695 1329 4748 -omnia
1351 4693 1521 4763 adscendunt]
1535 4693 1623 4747 omnia
1637 4695 1752 4768 susciprt't

189 4791 205 4854 5
219 4786 252 4849 54
263 4787 294 4840 B.
306 4787 371 4838 Post
379 4781 445 4851 eam]
455 4783 520 4834 Post
529 4778 597 4831 enim
606 4787 633 4830 et
645 4794 708 4830 mox
719 4785 840 4843 regnante
852 4777 932 4829 Roma
974 4773 1034 4829 Per.
1053 4774 1063 4844 ΙΙ
1077 4803 1113 4814 -
1124 4773 1209 4826 Verba
1222 4772 1306 4825 decem
1317 4783 1343 4824 et
1353 4783 1410 4824 octo
1422 4771 1571 4826 milibus
1582 4771 1657 4824 bortis
1667 4772 1750 4824 abun·

154 4853 931 4935 eod.u-ssttr.1tau'a]«uourudtgnusloeus,qu0
974 4849 1040 4904 dant
1053 4869 1107 4904 om.
1121 4853 1181 4904 Par.
1196 4847 1337 4920 ll-quod
1347 4848 1374 4902 si
1385 4865 1434 4920 pro
1451 4867 1516 4919 quos
1529 4849 1556 4902 si
1569 4849 1750 4918 terp-112

156 4943 230 4996 ltalia
252 4959 268 4993 a
289 4939 423 5006 Calabria,
440 4937 558 4997 Bruttio,
581 4935 736 5003 Campania,
761 4931 932 5005 appellatione
975 4929 1011 4981 B:
1024 4933 1088 4982 Post
1098 4927 1256 4996 eanr'Italia]
1268 4930 1333 4979 Post
1345 4925 1411 4978 eain
1420 4926 1531 4980 Italiam
1541 4925 1749 4995 rodii-osten·

154 5030 296 5092 separatur.
316 5017 390 5069 Italia
402 5032 496 5087 nempe
509 5011 611 5084 speciali
624 5011 770 5080 significatu
782 5029 812 5063 aa
823 5021 862 5063 est
873 5026 931 5080 quae
973 5006 1017 5060 dit
1026 5007 1065 5060 vel
1078 5007 1201 5076 ostentat]
1215 5004 1334 5058 ostendat
1348 5003 1409 5059 cod.
1422 5005 1489 5056 Dein
1503 5023 1552 5064 ηοιι
1562 5005 1749 5075 postmultum

154 5101 237 5152 Roma
253 5095 333 5148 terme
343 5092 376 5146 ad
391 5093 468 5164 Alpes
478 5092 608 5153 decurrit;
618 5107 672 5158 quo
683 5106 744 5141 sane
755 5087 795 5140 vel
805 5088 928 5158 proximo
974 5101 1106 5138 narremus
1119 5083 1242 5137 Romulus
1253 5101 1354 5154 puer...
1371 5083 1586 5153 imperatorum...
1603 5081 1630 5134 in
1647 5099 1703 5134 eam

155 5175 300 5246 significatu
320 5171 422 5226 ltaliam
435 5171 516 5242 accipi
530 5169 635 5223 solitum
649 5169 698 5221 hac
710 5175 861 5238 tempestate
880 5164 928 5218 do·
966 5162 1107 5233 soriteod.
1122 5163 1133 5232 ΙΙ
1145 5191 1179 5204 -
1189 5161 1373 5232 qtralccunque]
1384 5159 1532 5232 qualemque
1541 5158 1619 5228 coep
1628 5187 1664 5200 -
1673 5159 1748 5212 luera
