3884 5925
609 439 839 511 nascautto
858 440 970 513 OBBIS
990 443 1142 511 TtttttAE.
1638 459 1692 510 tet

14 581 67 660 11111
120 569 195 623 Urbs
205 568 297 624 mediis
309 573 425 642 Apamea
439 569 535 646 dehinc
546 573 664 626 consistit
674 574 700 625 in
712 575 799 638 arvis,
913 593 1019 645 equora
1030 574 1148 628 desulcat
1156 574 1236 646 glebae
1245 573 1307 628 ditis
1319 575 1485 630 (letabenus.

81 667 109 708 et
123 675 179 726 qua
190 657 330 711 Phoebeam
343 659 435 730 procul
448 659 604 713 incunabula
616 661 701 713 lucent
914 661 1029 716 Plurima
1046 672 1169 732 praeterea
1181 679 1244 732 gens
1257 663 1480 734 circumplectitur
1488 662 1540 716 illic
1709 659 1769 738 (ml

3 753 67 804 1⁰85
81 743 172 813 prima
187 743 292 806 fovent,
303 747 412 798 Emesus
427 745 526 815 fastigia
539 747 604 800 celsa
616 748 727 802 renidet.
914 763 989 800 oram
1002 749 1119 801 Arabum
1127 739 1140 812 ,⁴
1147 759 1220 800 muta
1234 747 1280 800 sed
1291 748 1391 818 degunt
1399 751 1503 818 agmina
1519 750 1603 816 fama,
1711 761 1787 812 1110

81 832 153 882 Nam
166 830 262 885 diffusa
273 833 329 885 solo
343 833 409 886 latus
423 834 533 906 explicat
543 874 550 898 ,
561 853 590 888 nc
602 835 672 888 subit
683 854 759 888 auras
914 845 941 888 et
954 851 1080 887 numerus
1092 837 1193 888 cunctis
1207 835 1343 905 inglorius.
1354 837 1419 888 Inde
1431 837 1519 890 favoni

81 918 204 971 turribus
215 920 243 970 in
254 919 345 974 calum
364 921 508 974 nitentibus
526 937 533 974 :
547 922 630 974 incola
645 922 720 974 claris
918 937 970 990 qua
984 921 1058 990 plaga
1075 920 1193 972 fecundis
1203 921 1249 974 alit
1260 921 1341 974 almos
1353 922 1457 975 flatibus
1469 941 1561 992 agros,

81 1022 130 1056 cor
142 1005 240 1058 studiis
253 1009 339 1072 acuit,
351 1007 396 1059 sed
409 1017 433 1062 ct
447 1007 559 1079 amplius
572 1007 667 1060 imbuit
681 1005 760 1072 ordo;
916 1003 1026 1059 barbara
1041 1008 1203 1075 montivagos
1217 1006 1292 1059 tellus
1304 1008 1421 1060 extendit
1434 1010 1570 1062 Erembos.

80 1091 203 1163 denique
216 1094 393 1147 flammicomo
405 1093 491 1148 devoti
506 1107 611 1166 pectora
621 1095 673 1148 Soli
916 1093 950 1146 lli
966 1093 1045 1145 vitam
1060 1091 1134 1145 duris
1146 1095 1245 1163 agitant
1260 1095 1287 1146 in
1301 1095 1421 1147 cautibus
1435 1113 1540 1160 omnes,

6 1186 66 1237 1000
83 1179 168 1231 vitam
182 1181 295 1248 agitant;
309 1181 425 1234 Libanus
440 1181 564 1254 frondosa
578 1181 715 1235 cacumina
727 1192 828 1252 turget,
917 1179 1061 1250 intentique
1069 1191 1141 1233 artus
1150 1192 1261 1251 crepunt
1272 1180 1354 1234 ardua
1362 1200 1465 1252 semper

81 1274 107 1315 et
122 1275 215 1318 tamen
229 1265 270 1318 his
281 1267 341 1320 celsi
354 1277 456 1322 certant
468 1267 569 1338 fastigia
580 1267 680 1338 templi.
918 1266 1038 1347 culmina·
1044 1285 1177 1320 saxorum.
1193 1269 1253 1320 Non
1265 1269 1322 1322 ollis
1331 1269 1425 1340 pabula
1437 1269 1464 1321 in
1479 1287 1554 1323 usum

15 1345 66 1419 {att}
82 1352 136 1403 Hic
150 1369 181 1404 se
193 1351 260 1405 indit
270 1351 346 1422 juxta
357 1354 476 1408 tellurem
491 1355 597 1424 glaucus
609 1357 737 1422 Orontes,
917 1362 988 1406 rena
1000 1355 1069 1425 parit
1085 1353 1189 1424 :glebas
1204 1354 1337 1407 abrodunt
1351 1373 1423 1407 more
1436 1354 1549 1407 ferarum

82 1455 135 1488 nec
150 1438 246 1508 procul
261 1440 384 1494 Antiochi
400 1458 480 1512 vagus
494 1440 659 1494 interlabitur
673 1441 780 1504 urbem,
913 1433 1021 1508 jejunas
1033 1439 1136 1504 herbae,
1147 1458 1196 1493 uec
1204 1441 1301 1492 amicas
1313 1439 1430 1509 frugibus
1444 1439 1512 1494 ullis.

81 1525 298 1595 praestringitque
312 1526 389 1579 undis
403 1531 543 1598 Apamense
553 1525 645 1598 jugera
657 1527 747 1598 glebae.
954 1525 1024 1577 Hinc
1038 1524 1105 1577 ultra
1117 1525 1210 1578 Libani
1225 1543 1330 1578 rursum
1345 1525 1445 1594 fastigia
1458 1525 1535 1591 celsi,
1581 1563 1587 1572 .
1715 1515 1775 1595 (ml

7 1607 68 1658 tutta
83 1610 191 1662 Fertilis
205 1611 249 1664 hic
262 1629 351 1684 cespes
362 1612 538 1683 protenditur,
554 1630 667 1684 arvaque
676 1613 760 1666 amica
917 1607 963 1662 lux
978 1611 1140 1681 Hyperionio
1153 1628 1206 1682 qua
1218 1630 1246 1662 sc
1258 1609 1370 1663 sustollit
1382 1610 1415 1664 ab
1427 1623 1502 1676 ortu,
1716 1606 1791 1658 115⁰

83 1707 149 1748 sunt
158 1699 266 1768 pecori,
279 1695 384 1752 inlatus
396 1699 477 1754 facilis
488 1701 606 1754 Pomona
619 1701 746 1770 resurgit,
918 1694 1025 1748 alterius
1035 1697 1117 1767 Syrias
1126 1695 1201 1748 limes
1211 1693 1280 1765 jacet
1296 1714 1378 1766 usque
1389 1697 1505 1768 Sinopen

84 1793 110 1834 et
128 1782 245 1836 fecunda
253 1785 332 1837 Ceres
345 1803 438 1856 campo
450 1785 564 1838 flavescit
578 1796 679 1856 aperto.
920 1782 1029 1851 gurgitis
1036 1783 1171 1852 attiguam.
1182 1781 1278 1835 Mediis
1287 1782 1331 1834 hic
1344 1782 1455 1852 impigra
1464 1783 1491 1833 in
1501 1801 1569 1834 artus

84 1870 112 1921 Si
126 1887 223 1922 rursus
238 1869 355 1942 tepidum
369 1873 410 1924 via
424 1871 578 1924 deflectatur
592 1872 619 1924 in
633 1882 763 1938 austrum,
920 1868 1106 1943 Cappadocum
1119 1887 1182 1938 gens
1193 1880 1242 1921 est.
1254 1869 1365 1939 Propter
1380 1867 1445 1920 freta
1459 1870 1563 1940 turgida
1574 1886 1666 1925 rursus

85 1961 174 2008 curva'
185 1957 257 2008 sinus
272 1955 352 2009 Arabi
364 1955 505 2010 succedent
517 1974 622 2028 aequora
639 1968 756 2029 propter.
919 1957 1019 2026 Assyrii
1033 1953 1109 2026 juxta
1122 1965 1182 2008 sunt
1193 1955 1259 2006 ostia
1269 1951 1488 2020 Thermodontis,
1717 1943 1779 2021 (m)

10 2047 71 2097 11⁰0
85 2041 211 2112 Namque
225 2043 324 2096 Arabas
339 2044 470 2116 Syriaque
485 2043 568 2097 solum
585 2044 660 2096 sinus
675 2045 722 2096 iste
740 2043 840 2099 fluento
919 2051 945 2094 et
960 2040 1053 2093 festina
1064 2040 1121 2093 citis
1134 2039 1263 2094 evolvitur
1273 2037 1345 2090 unda
1357 2039 1470 2092 fluentis.
1717 2039 1793 2094 1155

21 2117 71 2194 tans}
86 2127 201 2193 dividit,
216 2139 243 2182 et
253 2131 330 2183 tentis
344 2130 436 2202 procul
448 2129 637 2184 interfunditur
651 2128 748 2183 undis:
920 2129 976 2182 Nec
994 2128 1102 2198 procul,
1116 2127 1202 2182 attolit
1212 2144 1264 2197 qua
1281 2145 1308 2180 se
1320 2125 1383 2180 facis
1396 2126 1476 2180 ardor
1487 2147 1558 2194 eoae,

86 2226 222 2268 ettamen
233 2233 295 2268 eoos
310 2216 417 2288 paulum
431 2215 572 2268 inclinatur
586 2217 613 2268 in
627 2234 689 2268 axes
697 2255 705 2280 ‚
901 2251 905 2257 -
920 2217 1050 2288 plurimus
1065 2215 1206 2286 Euphratae
1219 2227 1309 2267 manat
1321 2213 1418 2286 liquor.
1432 2217 1484 2267 Iste
1497 2216 1577 2270 feroci

87 2318 177 2370 usque
191 2303 218 2353 in
235 2299 349 2370 belligeri
364 2301 480 2354 confinia
494 2301 578 2354 flexus
593 2301 679 2355 Elani.
736 2331 738 2338 ·
922 2302 997 2356 fusus
1009 2302 1042 2355 ab
1055 2303 1181 2358 Armenia
1193 2313 1295 2357 vastum
1305 2311 1383 2372 caput
1395 2303 1491 2355 exserit
1502 2314 1592 2366 antro,

86 2389 160 2442 llinc
175 2388 250 2441 tellus
264 2388 381 2442 Arabum
392 2387 520 2460 producit
529 2390 625 2460 cespite
639 2405 759 2460 campos,
921 2387 1002 2459 inque
1018 2399 1111 2441 notum
1122 2389 1214 2460 primae
1228 2386 1395 2459 protenditur
1407 2390 1509 2456 agmine
1519 2389 1611 2453 molis,

11 2477 73 2526 1105
87 2489 113 2530 et
129 2477 213 2529 latera
225 2475 258 2528 ab
270 2477 374 2546 gemino
386 2476 439 2530 sale
453 2477 568 2546 cingitur
583 2493 589 2529 :
607 2475 681 2529 alluit
693 2487 770 2527 astus
921 2485 947 2526 et
959 2475 1103 2527 matutinos
1118 2475 1213 2525 iterum
1227 2490 1369 2524 conversus
1381 2471 1409 2524 in
1420 2491 1482 2524 axes
1719 2486 1797 2540 1100

86 2565 213 2618 Persicus
227 2564 294 2619 banc
307 2563 478 2635 Arabumque
490 2566 563 2616 sinus
578 2565 644 2631 rigat
654 2581 758 2634 aequore
769 2574 874 2614 terram.
922 2559 1018 2613 dividit
1030 2561 1128 2612 inserto
1141 2558 1254 2611 mediam
1267 2556 1398 2628 Babylona
1413 2557 1522 2612 fluento.
1717 2557 1778 2640 (aaa)

86 2653 143 2704 llic
157 2669 204 2704 sua
219 2651 300 2703 flabra
312 2649 373 2722 polo
387 2652 487 2721 spirant
502 2668 509 2703 :
523 2669 584 2704 nam
594 2647 712 2702 Persicus
727 2667 793 2703 euro
921 2642 988 2698 lude
1000 2644 1154 2698 Teredoniae
1164 2643 1227 2715 juga
1239 2653 1334 2716 praeter
1346 2644 1459 2695 maxima
1474 2646 1547 2715 rupis

21 2729 71 2803 1111))
88 2738 219 2806 turgescit
233 2747 324 2800 vento,
340 2736 454 2808 zephyro
465 2738 538 2789 sinus
552 2746 643 2788 aestuat
660 2735 734 2788 alter.
922 2729 1036 2786 Persidis
1051 2733 1078 2783 in
1091 2741 1202 2802 pontum
1215 2747 1305 2800 sparso
1316 2727 1386 2781 cadit
1397 2727 1491 2780 effluus
1501 2731 1584 2782 amni.

87 2827 157 2878 Pars
172 2825 221 2876 alin
235 2824 262 2876 in
277 2825 376 2896 primos
390 2841 449 2894 qua,
463 2834 545 2875 semet
556 2823 667 2894 porrigit
681 2832 768 2884 ortus,
922 2817 1002 2872 llunc
1013 2835 1100 2888 super,
1116 2818 1144 2868 in
1159 2825 1257 2888 septem
1272 2825 1399 2886 quantum
1413 2817 1455 2866 via
1466 2817 1581 2888 carpitur
1595 2836 1619 2870 ot
1628 2828 1668 2870 ‘us

12 2913 73 2965 ttto
87 2923 120 2967 et
134 2917 213 2967 notus
228 2912 338 2981 insurgit
352 2929 405 2982 qua
417 2911 531 2976 nubifer,
542 2928 648 2981 aequore
662 2908 744 2962 Rubri
922 2903 1027 2974 cespitis
1038 2902 1136 2954 extenti
1150 2903 1254 2975 spatiis,
1266 2902 1333 2952 citus
1344 2918 1450 2971 aequora
1458 2901 1544 2969 Tigris
1720 2916 1796 2969 1165

89 3000 213 3068 tangitur
224 3000 329 3063 oceani;
341 2995 407 3051 felici
423 3008 491 3051 terra
502 2996 631 3049 recumbit
671 3040 674 3045 .
922 3008 1006 3063 prona
1020 3001 1109 3043 rotans
1118 2999 1143 3042 et
1152 3007 1213 3041 saxa
1221 2986 1291 3057 jugis
1302 2988 1390 3040 avulsa
1404 2990 1532 3059 supremis

23 3080 73 3157 1111)
89 3092 150 3159 to'ta
161 3086 226 3139 solo.
237 3086 324 3139 Tellus
335 3086 379 3138 hic
392 3094 497 3155 semper
508 3084 604 3155 fragrat
617 3083 702 3135 odoro
923 3088 950 3129 et
963 3088 1031 3131 totas
1045 3077 1095 3129 late
1106 3074 1182 3127 celeri
1194 3073 1273 3127 trahit
1282 3075 1386 3142 agmine
1400 3073 1485 3147 silvas.
1719 3067 1779 3143 (1111)

89 3175 192 3244 cespite
208 3190 215 3225 τ
229 3174 382 3245 prorumpit
397 3172 536 3225 lacrimoso
547 3172 634 3244 stipite
647 3170 770 3241 myrrha,
923 3164 996 3231 Quin
1010 3173 1037 3215 el
1048 3173 1117 3215 vasta
1129 3161 1202 3232 Palus
1217 3160 1305 3212 ¹1¹0le
1317 3156 1474 3211 distenditur
1484 3177 1547 3227 1010
1563 3175 1569 3210 :

91 3258 205 3329 myrrha
217 3243 441 3329 furorquondam
456 3258 603 3329 Cinyreius.
618 3256 668 3309 llic
677 3254 762 3309 ladani
775 3256 825 3307 vim
923 3251 1054 3303 maximus
1068 3249 1136 3302 hanc
1150 3250 1232 3300 ttuctu
1241 3248 1328 3315 Tigris
1344 3255 1429 3311 secat,
1443 3246 1522 3298 intrat
1535 3249 1616 3317 apcni

15 3366 75 3417 1115
92 3346 191 3398 vellera
202 3344 348 3407 enudant,
365 3344 456 3396 calami
471 3362 546 3397 coma
557 3343 666 3415 pullulat
678 3342 754 3407 almi,
924 3349 997 3407 terga
1011 3338 1098 3402 lacus,
1113 3346 1202 3409 stupet
1216 3334 1287 3387 unda
1301 3334 1379 3386 silens
1399 3334 1534 3403 tacitaque
1549 3336 1706 3391 vecurnhunt
1724 3339 1798 3390 1110

92 3433 180 3500 gignit
192 3432 289 3483 humus
300 3431 409 3492 casiam,
425 3428 598 3481 concrescunt
608 3440 666 3481 tura
676 3446 722 3499 per
736 3446 825 3499 agros,
923 3442 1030 3494 aquora
1038 3422 1160 3475 Thonitis
1175 3442 1181 3476 :
1192 3420 1335 3474 solidarum
1347 3419 1461 3489 denique
1475 3438 1548 3473 more

93 3518 226 3586 longaque
241 3513 359 3567 fecundis
373 3514 520 3587 pinguescit
538 3512 665 3567 odoribus
681 3532 746 3574 ora..
924 3514 1044 3583 riparum
1057 3512 1140 3580 stagni
1151 3510 1227 3563 facies
1238 3510 1317 3561 incisa
1329 3507 1456 3581 quiescit,

29 3598 77 3674 111111
95 3606 168 3655 Vera
179 3601 244 3654 fides
258 3598 309 3653 illic
324 3601 417 3653 femori
432 3600 481 3653 suh
492 3600 605 3667 imagine
618 3610 708 3669 partus
875 3596 876 3601 ’
925 3601 1114 3669 inv-actumque
1127 3598 1177 3651 sibi
1191 3597 1317 3650 cohibens
1331 3596 1483 3649 altrinsecus
1497 3614 1600 3649 amnem

94 3688 228 3761 dirupisse
241 3691 259 3741 J
260 3706 334 3741 ovem
348 3688 506 3759 penetralia,
521 3684 645 3757 proderet
657 3696 730 3739 ortus
926 3696 976 3737 stat
990 3684 1102 3738 disclusa
1113 3683 1197 3755 palus.
1210 3684 1268 3749 (Sic
1280 3681 1362 3735 Elidis
1374 3680 1458 3733 incola
1470 3692 1582 3751 pontum

17 3785 78 3835 1110
96 3786 126 3828 ut
137 3793 211 3828 sacer
223 3758 327 3827 aetheria
340 3770 481 3843 fulgentem
495 3772 582 3826 fronte
593 3775 711 3845 Lyaeum.
925 3766 1025 3824 dissicit
1035 3768 1166 3839 Alpheus,
1178 3767 1269 3839 pelago
1280 3768 1317 3819 sic
1326 3766 1417 3817 inserit
1430 3766 1531 3831 undas,
1727 3791 1736 3839 1
1746 3789 1800 3841 175

94 3862 220 3915 Nascenti
234 3861 337 3915 Baccho
349 3862 406 3913 risit
415 3871 497 3933 pater,
508 3859 625 3931 undique
639 3860 709 3912 fulsit
927 3855 1034 3908 illaesum
1048 3866 1142 3927 optata
1154 3854 1251 3907 flumen
1259 3852 1357 3906 ducens
1368 3852 1530 3925 Arethusa.)

96 3948 242 4002 caelicolum
256 3948 347 4013 scdoe,
362 3966 530 4019 convexaque
543 3966 610 4019 pura
625 3946 735 4001 tetendit
847 4012 851 4021 ,
927 3947 998 4013 Ergo
1006 3962 1054 4015 per
1066 3953 1092 3996 et
1100 3953 1222 4013 stagnum
1236 3942 1338 3993 vehitur
1351 3940 1419 3992 celer
1430 3941 1514 3997 amnis
1528 3952 1664 4011 apertum

97 4035 164 4087 festa
177 4034 250 4102 dies;
263 4035 338 4087 tellus
351 4032 445 4089 ettudtt
454 4032 527 4103 dives
538 4034 651 4099 odores,
931 4031 982 4084 huc
994 4031 1097 4101 elapsus
1109 4030 1170 4081 item
1184 4030 1236 4081 vim
1252 4028 1329 4099 proni
1343 4028 1450 4096 gurgitis
1464 4037 1548 4095 urget.
1725 4017 1786 4093 (ml

97 4120 220 4173 villorum
234 4120 326 4175 subitis
338 4122 435 4173 tumuit
448 4138 527 4191 pecus
539 4120 721 4180 incrementis,
927 4120 988 4171 Non
999 4118 1078 4170 alium
1091 4127 1179 4169 tantus
1193 4117 1261 4187 rapit
1271 4116 1400 4187 impetus;
1412 4112 1482 4166 haud
1494 4114 1528 4166 ita
1539 4114 1679 4184 quisquam

20 4218 82 4269 1115
100 4224 146 4259 rer
159 4207 276 4260 habuere
289 4226 366 4260 suum
378 4225 446 4260 nova
459 4208 594 4277 gramina,
607 4208 672 4260 flore
684 4207 811 4276 frequenti
930 4209 1072 4277 spumescit
1085 4206 1195 4270 fluctus,
1213 4222 1298 4275 neque
1307 4214 1394 4256 tantos
1404 4202 1457 4255 ulla
1472 4202 1587 4271 fragores
1727 4214 1802 4267 1130

101 4293 187 4364 pinxit
199 4304 268 4347 terra
282 4294 370 4359 sinus,
384 4312 415 4345 ac
429 4293 552 4365 nymphis
566 4292 638 4345 unda
651 4294 768 4345 cucurrit
929 4294 1002 4348 unda
1018 4296 1080 4354 ciet.
1093 4293 1183 4346 Medio
1198 4311 1257 4364 quae
1269 4291 1344 4345 tellus
1356 4290 1477 4343 funditur
1488 4308 1552 4357 agro

99 4378 210 4449 largior;
225 4381 334 4433 internis
347 4382 424 4432 etiam
437 4379 530 4450 procul
545 4378 664 4449 undique
677 4379 710 4431 ab
726 4379 779 4431 oris
930 4380 986 4432 trac
997 4381 1156 4432 interamnis
1169 4396 1266 4431 nomen
1281 4386 1367 4441 tenet,
1380 4386 1409 4429 ut
1422 4376 1487 4427 situs
1500 4375 1568 4429 illam

31 4467 84 4541 (111)
100 4465 154 4518 ales
165 4467 249 4519 amica
263 4466 313 4519 deo
324 4467 425 4537 largum
439 4466 568 4536 congessit
579 4484 723 4519 amomum.
930 4466 1038 4519 flumine
1049 4467 1214 4536 pracinctam
1226 4464 1330 4533 gemino
1346 4480 1393 4534 per
1402 4472 1490 4534 aperta
1501 4460 1602 4513 locavit.

101 4554 243 4626 Extemplo
260 4555 339 4608 Liber
352 4554 486 4607 subnectit
498 4551 607 4606 nebride
621 4562 725 4623 pectus,
929 4552 990 4604 Non
1004 4553 1050 4621 qui
1062 4552 1176 4604 lanatum
1187 4551 1265 4620 longo
1278 4568 1357 4621 pecus
1373 4546 1467 4601 educat
1479 4566 1556 4617 agro,
1569 4543 1573 4550 ’

23 4650 88 4701 1110
102 4640 251 4711 effusasque
265 4660 352 4695 comas
366 4640 463 4695 hedera
481 4640 559 4711 ligat,
575 4639 637 4692 inde
649 4641 761 4693 virentes
929 4651 977 4692 aut
991 4640 1037 4709 qui
1049 4639 1180 4708 cornigeri
1191 4636 1288 4689 ductor
1300 4638 1384 4705 gregis
1394 4653 1456 4688 arva
1470 4646 1602 4707 pererrat,
1671 4625 1674 4631 ’
1730 4644 1802 4695 1185

102 4726 198 4783 attollit
213 4726 333 4798 thyrsos,
350 4738 377 4781 et
387 4726 476 4780 blandi
489 4727 596 4779 luminis
611 4726 670 4795 igne
931 4728 1050 4796 gramina
1063 4726 1110 4795 qui
1130 4736 1220 4797 pastor
1232 4726 1305 4776 simis
1318 4726 1383 4794 petit
1396 4734 1455 4795 apta
1469 4722 1587 4792 capdlis,
1725 4717 1790 4792 (ens)
1811 4738 1815 4745 ·

34 4816 87 4891 (tta)
103 4831 133 4865 os
149 4812 259 4879 hilarat,
271 4824 379 4886 totaque
390 4814 458 4867 celer
470 4812 630 4867 diffunditur
644 4812 734 4868 aethra.
931 4815 1029 4883 quique
1042 4830 1106 4865 cavo
1115 4810 1195 4863 solers
1204 4810 1345 4863 committit
1353 4810 1452 4862 semina
1463 4809 1551 4876 sulco,

35 4897 88 4973 1111)
139 4898 191 4952 Sed
201 4908 310 4973 propter
324 4900 455 4955 Libanum
467 4911 565 4953 terram
577 4898 678 4951 sulcant
692 4900 823 4965 Nabataei,
932 4916 1011 4969 quem
1026 4900 1143 4951 Pomona
1152 4894 1243 4967 juvat,
1257 4912 1336 4966 quern
1350 4896 1430 4947 ramis
1444 4894 1553 4973 aesculus
1565 4893 1623 4952 altis
1637 4961 1641 4970 Ι

103 4981 288 5056 Chaulasiique
300 4984 410 5050 dehinc,
423 4986 519 5055 Agreni
529 5001 635 5049 rursus,
646 4994 670 5037 et
686 4984 746 5037 inde
931 4984 1005 5037 illicit
1020 4994 1046 5035 et
1062 4984 1153 5053 pingui
1166 4980 1317 5053 dependens
1333 4978 1427 5032 subere
1441 4978 1551 5049 glande,

25 5084 90 5135 1135
105 5070 253 5127 Chatramis
267 5082 306 5125 ast
316 5071 406 5137 tellus;
421 5072 502 5124 Macae
518 5071 602 5123 vicina
613 5070 711 5122 llucnto
931 5071 1038 5125 brachia
1048 5072 1133 5141 Nysaei
1146 5069 1191 5141 qui
1203 5067 1316 5141 palmitis
1328 5066 1503 5137 ordinejusto
1713 5061 1803 5139 ’1190

105 5158 221 5211 Persidis
233 5158 377 5224 accedunt;
389 5158 469 5212 ltutili
482 5160 644 5210 contermina
655 5158 729 5227 ponti
931 5158 1044 5227 digerit,
1056 5166 1102 5208 aut
1112 5156 1186 5208 tectis
1197 5154 1218 5207 si
1230 5154 1289 5225 quis
1301 5153 1372 5206 dolat
1386 5154 1496 5225 impiger
1508 5171 1604 5219 ornos,
1812 5144 1816 5152 ’

107 5246 196 5300 Minaei
209 5245 379 5317 Salsatbaeque
392 5254 496 5311 tenent,
512 5261 589 5317 super
602 5244 712 5319 impiger
724 5243 810 5317 ampla
934 5242 974 5296 vel
984 5241 1044 5312 salis
1054 5242 1082 5295 in
1093 5242 1189 5295 ssuctus
1203 5241 1248 5313 qui
1263 5240 1382 5311 cymbam
1398 5236 1484 5292 navita
1495 5240 1572 5306 texit,
