3884 5925
244 440 303 495 ⁴2⁰
903 428 1163 489 ΠΑΡΑΦΡΑΣΙΣ.

199 624 203 634 ⁴
242 566 413 632 κελεύσαντος
425 563 542 631 τοῦΔιθς
553 560 1025 640 λελυπημένην·καλγδιρόῑεὺςτῆς
1069 560 1154 638 μένων
1174 559 1307 639 ήμιθέων,
1327 558 1361 631 ήν
1375 559 1390 619 δ
1403 582 1431 619 τε
1448 560 1581 621 Ποσειδῶν
1603 572 1645 621 καὶ
1664 562 1773 627 Ἁπόλλων
1786 570 1804 629 1.

243 653 390 734 θπτράστου
405 652 451 711 καλ
462 652 546 722 καλῆς
559 650 645 729 φιλίας
658 650 741 720 αὐτῆς
754 651 887 726 ἐπιθυμῶν
904 650 948 709 καὶ
957 650 1026 731 χρή·
1069 672 1157 723 κτισε,
1169 649 1213 708 καλ
1230 643 1332 729 ήἯρα
1346 646 1393 708 καλ
1407 651 1425 718 ἡ
1439 646 1533 718 Ἀθηνᾶ
1543 636 1688 726 ἐπόρθησεν.

243 742 312 816 ζων,
332 741 417 799 καίτοι
433 739 471 817 μή
485 741 623 810 θέλουσαν,
637 736 728 816 πόρρω
749 740 809 807 τῆς
822 738 887 805 ἰδίας
901 738 1025 815 πατρίδος
1108 756 1215 797 εοεαε.
1230 735 1308 796 Μετθ
1326 735 1423 807 ταύτην
1440 735 1467 795 δὲ
1482 735 1530 805 τήν
1545 738 1661 816 Φρυγίαν
1674 744 1688 809 ή
1700 742 1804 821 Αίολλςγῆ

244 827 383 909 ἐχώρισεν·
398 829 428 885 ἐκ
438 825 535 899 ταύτης
551 825 578 885 δέ
591 825 663 895 καλή
678 825 753 891 πόλις
771 824 882 895 Σινώπη
897 825 927 884 τθ
940 825 1023 901 ὄνομα
1068 828 1250 905 παρατέταται
1264 824 1338 905 παρὰ
1352 824 1396 883 τὸν
1409 822 1492 902 μέγαν
1503 822 1691 896 Ἑλλήσποντον
1701 829 1739 887 καλ
1751 832 1805 913 περδ

243 916 308 995 έχει.
350 915 417 993 Περὶ
429 912 627 973 έκείνουδέτοῦ
639 911 825 990 Θερμώδοντος
837 917 955 988 ποταμοῦ
966 934 1025 989 κρυ·
1067 912 1097 971 τθ
1111 916 1212 994 χεῖλος,
1227 912 1307 991 ήγοον
1321 911 1368 985 τήν
1381 910 1584 992 παραλίαν,τοῦ
1597 913 1710 990 Αἰγαίου.
1747 918 1806 999 Ἐφι-

244 1000 368 1078 μώδειςή
386 1002 489 1082 ψυχρίας
506 1000 586 1080 όχθας
602 999 645 1057 τθν
668 999 782 1077 καθαρὸν
803 999 873 1059 λίθον
891 1005 936 1058 τοῦ
958 1023 1024 1077 κρυ·
1068 1000 1112 1073 ξῆς
1122 1002 1150 1061 δέ
1165 1000 1233 1079 μετὰ
1248 1000 1296 1070 τήν
1310 998 1421 1060 Αἰολίδα
1435 1002 1458 1057 οέ
1477 998 1637 1067 εθδοξότατοι
1649 999 1727 1068 ’ίοινες
1740 1028 1805 1064 κατοι·

243 1090 507 1169 στάλλου,,καθάπερ
527 1087 663 1168 χειμερίου
677 1086 795 1165 πάχνην,
811 1085 927 1163 τέμνοις,
945 1089 1024 1165 εῦρή-
1067 1094 1173 1163 καῦσιν,
1188 1087 1238 1148 ιέσλ
1254 1086 1281 1147 δέ
1295 1086 1341 1146 καλ
1366 1085 1439 1145 αὐτοὶ
1461 1090 1600 1167 παράλιοι·
1621 1088 1652 1145 δι’
1671 1080 1757 1161 ήστινος
1772 1116 1806 1171 γης

242 1200 296 1245 σεις
307 1179 335 1238 δέ
347 1177 391 1237 καί
405 1176 454 1247 τήν
469 1174 671 1257 πρασινίζουσαν
686 1173 787 1233 ίασπιν.
1067 1176 1175 1252 μέσοςθ
1199 1174 1349 1254 Μαίανδρος
1369 1181 1426 1241 ταῖς
1449 1175 1576 1253 λιπαραῖς
1593 1176 1668 1233 αὐτοῦ
1684 1190 1805 1260 συστροφαῖς

282 1284 390 1326 εστ-τοι.
403 1263 482 1333 Ἑξῆς
500 1264 528 1321 δέ
543 1267 557 1321 θ
570 1252 635 1341 Ἶρις
651 1260 767 1338 ποταμὸς
780 1260 811 1320 τθ
824 1260 938 1339 καθαρὸν
953 1260 1023 1341 ὕδωρ
1067 1262 1226 1341 κατέρχεται
1238 1263 1273 1327 είς
1284 1260 1331 1333 τήν
1346 1261 1499 1337 θάλασσαν,
1511 1259 1657 1337 θναμεταξθ
1666 1266 1707 1332 τ’ής
1716 1266 1805 1336 Μιλήτου

242 1354 279 1418 τίς
297 1356 342 1410 τὸν
359 1350 458 1411 Πόντον
472 1349 611 1410 ἐκύάλλει·
627 1348 671 1407 ἐπὶ
683 1348 767 1428 τούτῳ
784 1347 811 1407 δέ
826 1350 854 1406 αἱ
872 1353 916 1405 τοῦ
929 1344 1023 1416 Ἀλυος
1066 1348 1172 1420 καὶτῆς
1185 1347 1359 1428 πλατυχώρου
1377 1346 1505 1426 Πριήνης.
1548 1347 1656 1407 Τούτων
1671 1349 1695 1407 δέ
1712 1356 1755 1411 τῶν
1769 1356 1805 1429 ίμ·

241 1442 363 1514 ποταμοῦ
387 1438 445 1518 ροολ
465 1435 639 1505 άναῦλύζουσι
661 1434 772 1508 πλησίον
794 1439 842 1506 τῆς
864 1435 1022 1513 Καραμύίας
1066 1434 1182 1517 φοτέρων
1202 1436 1305 1495 πόλεων
1318 1432 1381 1513 πρδς
1395 1434 1427 1491 τθ
1441 1434 1532 1513 βόρεια
1550 1431 1618 1513 μέρη
1632 1433 1806 1520 έδηςτήνπαρα.

242 1524 337 1604 άκρας,
349 1524 392 1583 ἐπί
406 1524 434 1585 δέ
446 1525 490 1584 τθν
500 1528 597 1605 βορρᾶν
612 1522 752 1598 ἑλκόμεναι
765 1522 819 1581 άπὸ
830 1525 877 1580 τοῦ
887 1522 1022 1602 Ἀρμενίου
1066 1524 1210 1583 θαλασσίαν
1225 1522 1340 1598 Ἔρεσον
1354 1520 1401 1591 τήν
1417 1521 1535 1599 μεγάλην
1548 1522 1623 1579 πάλιν
1632 1526 1676 1594 τῆς
1686 1524 1805 1603 Ἀρτέμιδες

241 1610 314 1691 θρους
327 1609 374 1681 τήν
390 1610 474 1690 ιἰρχήν
489 1612 604 1691 ίχουσιν.
648 1609 712 1669 ’Παλ
722 1608 859 1675 τούτοιςδέ
873 1617 925 1675 τοῖς
935 1612 1021 1688 αλγια-
1065 1609 1130 1671 ὅπου
1145 1610 1208 1671 ποτέ
1220 1615 1253 1693 τῇ
1265 1616 1311 1689 θεᾷ
1325 1614 1351 1671 έν
1366 1614 1399 1689 τῇ
1414 1608 1472 1689 ῥίζῃ
1486 1612 1531 1679 ἰη”ς
1543 1607 1653 1676 πτελέας
1665 1612 1690 1669 αῖ
1703 1611 1806 1688 Ἀμαίοιίι

240 1700 294 1764 λοῖς
307 1702 359 1757 τῶν
373 1701 500 1775 ποταμῶν
522 1702 686 1759 κατοικοῦσιν
699 1701 725 1755 οἱ
739 1696 910 1776 Παφλαγόνες
932 1697 979 1755 καλ
992 1696 1022 1757 τθ
1066 1699 1107 1767 δες
1121 1698 1212 1777 βωμὸν
1225 1697 1423 1759 κατεσκεύασαν
1438 1696 1562 1775 μέγιστον
1574 1696 1620 1756 καλ
1633 1697 1732 1767 ἐξαίσιον
1743 1706 1805 1778 θαῦμα

240 1789 293 1845 τῶν
310 1787 502 1864 Μαριανδυνῶν
518 1785 588 1861 ἱερὸν
607 1785 690 1860 γένος.
733 1785 837 1845 Ἐκεῖσε
855 1784 898 1843 τδν
916 1784 1022 1865 ἰσχυρά·
1065 1792 1118 1851 τοῖς
1132 1783 1285 1864 ἀνθρώποις.

241 1893 327 1954 φωνον
338 1872 422 1951 μέγαν
436 1870 503 1931 κύνα
515 1881 560 1935 τοῦ
571 1872 692 1950 θπογτίου
702 1872 853 1939 Πλούτωνος
864 1871 907 1930 τδν
923 1871 1022 1953 Κέρθε-
1105 1892 1213 1933 εουαιο.
1228 1870 1293 1933 Ἐπί
1303 1869 1412 1936 ταύταις
1430 1869 1457 1929 δέ
1476 1876 1492 1941 ἡ
1508 1871 1616 1951 Μῃονία
1629 1872 1671 1931 ἐπὶ
1684 1872 1725 1945 τήν
1737 1876 1805 1939 dvm.

242 1983 298 2039 ρον,
313 1967 370 2026 ταῖς
383 1960 459 2039 χερσὶ
471 1965 516 2020 τοῦ
531 1960 722 2041 μεγαλόφρονος
736 1958 897 2040 Ἡρακλέους
912 1961 1021 2036 έλκόμε·
1064 1958 1115 2031 λήν
1129 1957 1266 2019 ἐκτέταται
1279 1956 1332 2016 ύπθ
1346 1960 1385 2037 τῷ
1397 1956 1534 2033 ήνεμόεντι
1549 1959 1605 2036 έριι
1621 1958 1731 2040 Τμώλιρ,
1743 1954 1806 2042 άφ“ιί

240 2069 296 2124 νον,
312 2049 393 2107 δεινὸν
412 2046 492 2126 χυλὸν
509 2047 621 2119 σιιλώδη
637 2048 691 2108 άπὸ
712 2052 764 2109 τῶν
784 2048 923 2125 στομάτων
944 2051 1022 2109 αὐτοῦ
1065 2051 1079 2107 δ
1098 2047 1245 2112 Πακτωλὸς
1258 2044 1424 2125 διερχόμενος
1438 2045 1495 2111 ταῖς
1509 2054 1664 2125 συστροφαῖς
1682 2051 1748 2107 αὑτοῦ
1761 2053 1806 2123 θροῦ

242 2158 320 2213 φασιν
333 2133 531 2207 ἐκῦεῦληκέναι.
575 2136 630 2197 Καὶ
642 2140 731 2195 τοῦτον
746 2134 793 2209 μέν
808 2134 852 2194 τδν
866 2135 905 2195 θδν
916 2138 1022 2212 άναμε-
1064 2132 1160 2213 χρυσὸν
1176 2134 1391 2211 έπισύρωνήχιῖ.
1433 2131 1496 2192 ’Eut
1506 2132 1599 2192 τούτου
1614 2134 1641 2191 δέ
1654 2134 1705 2201 ταῖς
1714 2136 1806 2215 πλευροῖς

242 2224 367 2299 μιγμένον
381 2226 398 2294 ή
412 2226 447 2302 μή
461 2221 565 2291 ἐδεἜατο
579 2222 625 2281 καλ
639 2224 691 2288 τοῖς
705 2222 898 2301 Μαριανδυνοῖς
911 2222 1021 2302 άνδράσι
1065 2223 1092 2279 ἐν
1107 2224 1139 2296 τῇ
1155 2225 1200 2279 τοῦ
1217 2218 1290 2299 έαρος
1302 2218 1360 2299 ῶρφ
1379 2218 1525 2295 καθήμενος
1548 2220 1596 2295 τήν
1612 2218 1718 2291 θξεῖανή
1734 2224 1805 2299 μῖλλα
1885 2230 1886 2283 Τ

241 2310 477 2459 μεγάληνρρλάύην
492 2308 630 2391 ἐφύτευσε,
640 2308 687 2381 τήν
702 2309 820 2371 ἀκόνιτον
836 2310 955 2381 δηλονότι
976 2316 1022 2371 θα-
1065 2308 1146 2366 ιίπεῖν
1157 2308 1247 2379 ήδεῖαν
1263 2306 1350 2387 φωνήν
1363 2310 1415 2365 τῶν
1430 2306 1529 2365 κύκνων
1543 2308 1680 2383 οἰκούσαις,
1692 2307 1766 2377 οἵτινες
1776 2311 1806 2369 αθ
1884 2322 1885 2381 ζ

240 2397 351 2475 νάσιμον
389 2421 448 2458 σαν.
1065 2393 1174 2471 ξομένης
1183 2398 1231 2467 τῆς
1244 2394 1311 2461 πόας
1321 2394 1381 2453 ἔνθα
1396 2399 1502 2453 κάκεῖσε
1512 2394 1557 2453 ἐπλ
1570 2396 1600 2454 τὸ
1610 2394 1676 2477 ῦδωρ
1686 2398 1806 2473 πλαζόμενοι
1884 2390 1885 2393 ¹

280 2504 385 2547 τον-τοο.
398 2482 520 2557 Πλησίον
536 2482 564 2543 δέ
586 2486 639 2545 τῶν
665 2486 855 2564 Μαριανδυνῶν
872 2488 895 2543 οῖ
917 2487 1021 2547 Βιθυνοὶ
1064 2482 1196 2555 νέμονται.
1238 2481 1339 2539 Πολλοὶ
1351 2481 1402 2559 γάρ
1413 2483 1463 2539 είαι
1472 2481 1703 2558 λειμῶνες,θέστιν
1714 2488 1806 2543 άνθοῦνιτ

239 2573 353 2651 λιπαρθν
368 2572 413 2633 καλ
425 2572 510 2643 καλήν
524 2571 614 2652 χώραν
625 2570 1021 2647 κατοικοῦσιν,ἐνθαθῬή6ας
1064 2567 1158 2639 πεδία,
1174 2570 1247 2647 ἕκτῇ
1261 2566 1455 2647 Ἀσέᾳ,ἐίόχνιι
1469 2568 1494 2626 δὲ
1510 2568 1631 2649 καλῦπέρ
1644 2570 1722 2629 πάντα
1734 2571 1807 2649 νιρὶτθ
1886 2572 1887 2597 ἐ

240 2660 270 2720 τδ
282 2660 423 2721 κάλλιστον
445 2659 516 2739 θδιυρ
539 2662 576 2727 εἷς
601 2657 646 2717 τὸν
670 2658 769 2719 Πόντον
792 2659 929 2732 ἐκόάλλει,
950 2661 1022 2731 ὅστις
1066 2656 1227 2734 Μαιάνδριον
1242 2655 1346 2725 πεδίον,
1365 2656 1428 2714 θπου
1443 2660 1456 2715 δ
1472 2657 1611 2738 Κάῦστρος
1628 2658 1808 2735 ποταμδςήσνχῆ

239 2747 314 2827 παρδι
322 2757 376 2817 τοῖς
390 2747 505 2824 στόμασι
518 2752 564 2805 τοῦ
577 2746 678 2807 Πόντου
689 2746 835 2827 διέρχεται,
848 2740 947 2817 οῦτινος
957 2749 1022 2808 κάλ-
1064 2743 1109 2801 καλ
1119 2740 1207 2823 ἠρέμα
1218 2742 1248 2801 τδ
1257 2745 1378 2821 λαμπρὸν
1392 2745 1470 2801 αὐτοῦ
1484 2742 1555 2822 ὕδωρ
1569 2743 1714 2823 άναῦράζιυν
1726 2747 1806 2825 ἐπιρρεῖ.

240 2838 327 2897 λιστον
342 2834 413 2914 θδωρ
427 2836 470 2894 ἐπὶ
486 2836 535 2907 τὴν
546 2837 595 2912 γῆν
610 2833 728 2915 σύρεται.
769 2838 896 2895 Τοοοῦτοι
911 2836 958 2908 μὲν
970 2838 1020 2895 ον-
1064 2828 1134 2889 Ἀλλ’
1148 2828 1206 2888 οὐδὲ
1216 2832 1395 2907 τὰτγυναῑκος
1407 2829 1505 2896 ἐκείνας
1520 2830 1631 2912 μέμψῃ,
1642 2832 1727 2899 τίτινις
1736 2832 1808 2909 περὶτλ

240 2925 297 3002 δρες
318 2930 362 2984 τοῦ
384 2923 486 2984 Πόντου
511 2921 638 3000 περίοικοι
663 2923 841 3002 ὑπάρχουσιν·
871 2924 958 2984 ἐκεῖνά
981 2947 1020 2985 σοι
1064 2922 1131 2977 θεῖον
1146 2917 1191 2977 κοιλ
1207 2916 1356 2994 θαυμαστὸν
1369 2916 1559 2998 ἐκεῖνοέδαρος
1574 2920 1672 2992 έπῖτῆῖ
1686 2920 1763 3000 ὄσφύῠε
1775 2919 1808 2991 τήν

239 3011 382 3088 ὑπαρχέτω
393 3008 427 3068 τίς
439 3009 708 3087 προκατηριθμημένα
719 3014 766 3080 τῆς
778 3011 889 3078 Σκυθίας
906 3011 979 3084 ἐθνη.
1064 3009 1147 3079 ζώνην
1174 3011 1303 3084 βαλοῦσαι
1329 3005 1479 3082 θαυμαστθν
1508 3008 1711 3088 συστρεφόμενοι
1739 3007 1808 3066 κύκλα

279 3117 385 3159 νον-τοο.
402 3095 506 3176 Ἀρτίως
516 3094 543 3156 δὲ
561 3098 609 3167 τῆς
627 3095 758 3176 παραλίας
768 3095 857 3163 Ἀσέας
866 3097 910 3155 τὸν
921 3100 1019 3180 πόρον,
1065 3100 1204 3176 ὀρχοῦνται
1215 3139 1223 3171 ,
1234 3093 1313 3167 ήνέκα
1324 3094 1371 3160 τθς
1384 3094 1576 3175 χοροστασίας,
1587 3095 1646 3166 ήτοι
1658 3095 1712 3162 τοθς
1724 3094 1807 3174 χοροθς,

239 3183 358 3242 τουτέστι
372 3183 419 3253 τήν
435 3181 521 3254 θέσιν,
549 3182 740 3262 διαγράψαιμι,
764 3183 835 3252 ὅστις
855 3182 886 3256 δή
910 3186 955 3244 ἐπλ
977 3187 1019 3245 τὸν
1065 3186 1102 3262 τῷ
1114 3181 1231 3262 Διονύσῳ
1246 3183 1435 3260 ἐκπληροῦσιν·
1452 3180 1510 3258 άμα
1533 3181 1563 3240 δέ
1578 3182 1718 3250 αύταῖςκαλ
1734 3183 1809 3240 αίνίει
1888 3213 1889 3228 ι

240 3268 434 3340 Ἑλλήσποντον
458 3268 552 3328 ὁδεύων
572 3268 637 3348 πρὸς
660 3269 704 3328 τδν
728 3269 801 3328 νότον
815 3270 953 3347 πορεύεται
976 3272 1021 3330 καλ
1065 3270 1188 3350 παρθένοι
1206 3271 1325 3347 καθάπερ
1340 3267 1426 3347 νεύρολ
1440 3275 1624 3350 συσκιρτῶσιν.
1665 3269 1809 3333 Ἐπλτούταις

240 3355 305 3436 πρὸς
324 3355 368 3414 τὸν
382 3355 536 3416 νοτιώτατον
555 3360 614 3435 δοῦν
626 3361 673 3414 τοῦ
687 3357 798 3435 Αἰγαίου
810 3360 955 3435 πελάγους,
975 3363 1021 3436 με’·
1066 3357 1093 3416 δὲ
1108 3356 1154 3416 καλ
1167 3359 1194 3414 αί
1208 3360 1260 3415 τῶν
1275 3355 1379 3432 ἀνέμων
1395 3355 1719 3433 πνοαλτοθςέπιθυμητυλς
1732 3357 1809 3419 ἐπίτοῑς

240 3469 287 3524 χρι
309 3448 357 3515 τῆς
379 3443 476 3522 Συρίας
489 3447 568 3516 αὐτῆς
581 3444 628 3504 καὶ
648 3448 696 3515 τῆς
711 3443 853 3523 ἐπεράστου
874 3448 919 3503 καί
939 3450 1021 3519 καλῆς
1065 3445 1187 3518 στήθεσιν
1201 3447 1288 3503 αὐτῶν
1312 3447 1426 3524 χιτῶνας
1438 3447 1585 3504 κτυποῦσαν
1605 3448 1717 3524 ήχοῦσιν.
1752 3443 1809 3502 ’λλλθ

241 3531 375 3611 Ἂραόίας.
421 3533 531 3610 Πρῶτον
545 3531 592 3610 μέν
610 3534 634 3591 οἱ
646 3532 841 3603 Χαλκηδονῒται
853 3534 963 3604 πλησίον
976 3539 1020 3594 τοῦ
1065 3539 1148 3593 ταῦτα
1172 3533 1219 3610 μέν
1237 3531 1291 3599 τοῖς
1308 3533 1402 3598 Αυδοῖς
1428 3531 1573 3610 ἀνθρώποις
1597 3532 1742 3614 ένφροντίδι
1756 3531 1809 3610 γενή-

241 3620 371 3695 σιόματος
383 3618 430 3691 τήν
445 3623 494 3697 γῆν
505 3625 675 3691 κατοικοῦσι,
691 3618 721 3676 τδ
736 3620 875 3687 Βυζάντιον
891 3619 960 3679 κατδ
973 3622 1021 3692 τήν
1064 3643 1162 3682 σοντσι.

239 3707 324 3788 πέραν
335 3710 455 3786 δρῶντος.
497 3706 562 3767 Ἐπὶ
575 3707 673 3768 τούτοις
686 3706 713 3764 δέ
730 3711 754 3764 οῖ
774 3708 907 3787 Βέόρυκις
926 3712 972 3768 καλ
987 3709 1021 3768 τδ
1105 3728 1210 3770 emsa.
1224 3707 1280 3780 Τήν
1292 3708 1320 3766 δὲ
1334 3706 1378 3766 ίπλ
1389 3706 1436 3778 τήν
1449 3707 1584 3768 θάλασσαν
1597 3705 1712 3786 κειμένην
1721 3711 1760 3786 γῆν
1767 3705 1809 3782 περὶ

241 3796 291 3874 δρη
303 3799 352 3866 τ’ής
369 3794 489 3866 Μυσέοε,
512 3792 570 3865 ἤτοι
586 3796 632 3864 τῆς
653 3802 749 3872 μικρᾶς
773 3797 904 3864 Βιθυνίας·
921 3797 954 3856 τά
973 3797 1020 3875 όρη
1065 3794 1113 3863 τθις
1127 3797 1236 3862 έκόολδις
1248 3803 1293 3855 τοῦ
1308 3794 1430 3869 Ξάνθου,
1448 3794 1590 3854 καλλίστου
1605 3795 1622 3868 ἢ
1641 3793 1705 3854 καλλι
1722 3794 1809 3873 ῥεύματα

241 3884 270 3942 δέ
285 3882 356 3960 λέγει
366 3880 426 3948 τνθς
435 3888 481 3940 νῦν
491 3879 666 3956 καλουμένους
676 3879 844 3960 Ὀλύμπους,
857 3883 922 3943 ὅπου
932 3887 946 3943 δ
957 3885 1021 3952 Κίος
1065 3881 1171 3964 ἔχοντος
1182 3887 1322 3959 ποταμοῦ,
1337 3887 1503 3943 κατοικοῦσιν
1516 3885 1540 3944 οί
1556 3883 1663 3943 Αύκιοι·
1672 3884 1729 3942 δπου
1741 3879 1810 3958 τθίρη

240 3969 359 4044 ποταμὸς
372 3967 406 4028 τθ
428 3966 577 4038 έπιθοιεητθι
600 3969 680 4026 αθτοῦ
695 3968 783 4046 ῥεῖθρα
798 3971 958 4049 ἐπιπέμπει,
982 3971 1021 4052 έφ’
1066 3975 1111 4030 τοῦ
1124 3969 1230 4050 Ταύρου
1246 3970 1328 4048 βαθέα
1343 3969 1448 4050 κρημνθ
1463 3970 1567 4049 ἔχοντος
1578 3971 1656 4050 μέχρι
1671 3973 1712 4039 τῆς
1724 3969 1810 4044 Παμρι·

242 4049 341 4124 ούτινός
356 4078 419 4115 ποτε
433 4056 499 4116 Κίου
513 4063 642 4135 προχοαῖς
659 4054 871 4126 ήέκόολαῖςτδν
884 4059 1022 4139 ίαχυράτα·
1066 4057 1124 4124 λίας
1139 4057 1263 4138 φέρεται,
1287 4057 1394 4137 ίίράγον
1420 4057 1448 4116 δέ
1464 4057 1542 4116 αὐτὸν
1555 4059 1687 4116 καλοῦσιν.
1724 4052 1810 4114 Ἐκεῖθεν

242 4167 287 4203 τον
303 4145 451 4224 θεράποντα
465 4147 510 4200 τοῦ
524 4144 643 4220 μεγάλου
656 4143 816 4222 Ἡρακλέους
828 4145 873 4204 τὸν
898 4147 986 4208 Ὕλαν
1004 4152 1021 4218 ἡ
1068 4144 1095 4204 δέ
1109 4145 1189 4204 πάλιν
1199 4145 1280 4223 θεάση
1292 4147 1354 4225 περὶ
1367 4145 1411 4205 τδν
1422 4150 1481 4224 ῥοῦν
1490 4150 1538 4204 τοῦ
1554 4145 1735 4226 Εὐρυμέδοντος
1751 4161 1810 4198 ποτα·

242 4230 330 4312 νύμφη
345 4229 504 4307 ἀνήρπασεν.
1068 4240 1118 4310 μοῦ
1133 4234 1296 4312 ὑπεράνοιθιν
1311 4239 1358 4305 τῆς
1372 4233 1506 4306 θαλάσσης
1520 4230 1662 4293 Ἄσπενδον
1677 4229 1810 4306 πόλιν,ίπον

285 4337 394 4378 ooo-m.
412 4317 516 4376 Ἰέκιῖσε
534 4319 580 4386 τῆς
596 4317 753 4397 μικροτέρας
767 4319 888 4397 Φρυγίας
903 4324 918 4378 θ
941 4319 1023 4388 πολθς
1067 4319 1115 4394 τήν
1130 4321 1280 4400 Ἀφροδίτην
1295 4326 1353 4389 ταῖς
1371 4323 1422 4380 τῶν
1437 4324 1506 4381 συῶν
1516 4320 1671 4389 ἐξιλεοῦνται
1681 4325 1781 4400 σφαγαῖς.

242 4404 261 4476 ἢ
276 4405 360 4482 μέγας
371 4403 460 4483 έγκὼν
480 4401 523 4462 ἐπὶ
537 4404 581 4462 τθν
595 4404 795 4475 Ἑλλήσποντον
808 4408 954 4487 ἐπιτρέχει,
968 4409 1023 4481 ήδέ
1107 4426 1212 4468 εον-εον.
1226 4406 1320 4468 Ἀλλαι
1334 4407 1361 4466 δέ
1375 4406 1465 4488 ἐφεξῆς
1473 4412 1520 4478 τῆς
1532 4406 1687 4488 Παμφυλίας
1695 4405 1810 4484 ὑπάρχωσι

243 4491 321 4571 ἐτέρα
337 4489 445 4570 Φρυγία
459 4495 477 4561 ή
493 4492 596 4567 μεγάλη
619 4491 719 4551 ἐνδοθιν
740 4495 783 4552 ἐπί
807 4495 859 4560 τοῖς
878 4494 955 4555 ὕδασι
976 4500 1023 4554 τοῦ
1068 4493 1174 4571 πόλεις,
1194 4493 1255 4566 ἥτε
1275 4495 1398 4575 Ιίώρυκος
1409 4493 1484 4566 καλή
1506 4494 1597 4575 Πέργη
1612 4495 1656 4552 καὶ
1673 4491 1808 4567 ήάνερώθης

245 4578 397 4659 Σαγγαρίου
419 4584 542 4652 ποταμοῦ
565 4583 660 4640 κεῖται.
703 4579 772 4639 Ἀλλ’
797 4585 815 4652 ή
845 4579 892 4657 μέν
919 4582 1023 4659 μεγάλη
1070 4580 1205 4651 Φάσηλις,
1248 4581 1325 4641 Μετθ
1338 4587 1422 4640 ταῦτα
1438 4580 1465 4640 δέ
1480 4580 1524 4642 έπλ
1542 4583 1590 4654 τήν
1603 4573 1812 4652 άνατολικήνμιιό·

244 4668 351 4744 Φρυγία
366 4666 410 4727 ἐπλ
421 4666 469 4739 τήν
480 4667 609 4738 άνατολήν
623 4668 778 4746 ἐκτέταται,
788 4669 946 4750 ἱπποτρόφος
957 4661 1023 4728 οθσα
1067 4690 1136 4744 γειον
1148 4675 1313 4729 κατοικοῦσιν
1327 4671 1351 4727 οἱ
1369 4670 1394 4728 ίν
1407 4673 1459 4734 τοῖς
1473 4667 1598 4744 πολέμοις
1612 4667 1767 4744 ἐπιστήμαις
1779 4659 1811 4719 καί

245 4755 294 4814 καὶ
306 4754 438 4827 πλουσία,
450 4754 515 4835 πρὸς
529 4755 615 4827 δέτὴν
629 4756 701 4816 δύσιν
714 4756 761 4829 τὴν
773 4756 864 4836 ἐτέραν
876 4756 955 4833 ίδοις,
966 4756 1024 4828 ήτις
1068 4757 1207 4830 ίπικαμπῆ
1227 4755 1290 4824 τόξα
1311 4755 1414 4835 ίχοντες
1428 4755 1570 4824 Λυκάονες.
1613 4755 1674 4816 Ἐπί
1695 4751 1778 4815 τούτοις
1791 4745 1811 4804 θί

245 4843 298 4900 ῦπδ
309 4841 368 4908 τοίις
381 4841 447 4918 άγαν
459 4841 542 4910 θείους
553 4843 599 4901 καλ
615 4844 779 4920 θαυμαστοὺς
799 4845 879 4911 πόδας
893 4848 940 4916 τῆς
953 4843 1025 4916 Ὶδης
1068 4847 1119 4902 τῶν
1134 4842 1266 4905 Πισιδέων
1290 4845 1402 4904 πλουσία
1424 4867 1458 4922 γη
1482 4849 1568 4915 ἐστιν,
1584 4846 1646 4904 θπου
1666 4846 1692 4902 αί
1705 4833 1811 4902 Πισιδοιεί

246 4935 347 4998 κεῖται,
361 4929 413 4988 ῦπδ
422 4932 460 5009 τῷ
471 4929 532 5008 ιθρθ
546 4931 629 5012 ρέοντι
640 4931 736 5012 Ξάνθῳ
749 4933 794 4992 καλ
804 4937 841 5009 τῷ
851 4935 881 4992 ἐκ
891 4937 938 5006 τῆς
952 4932 1025 5006 Ἴδης
1068 4932 1172 5006 πόλεις,
1193 4932 1211 5005 ή
1232 4955 1260 4991 τι
1276 4932 1433 5010 Τερμησσὸς
1453 4932 1498 4990 καὶ
1510 4935 1527 5002 ἡ
1539 4931 1630 5012 Αύρύη
1641 4929 1682 4989 καί
1700 4934 1716 5000 ή
1730 4925 1809 5000 Σίλγον

247 5015 433 5096 κατερχομένῳ
449 5018 590 5092 Σιμόεντι,
604 5020 652 5091 τήν
666 5019 767 5101 ῦήεηλήν
780 5019 825 5081 καλ
841 5020 900 5089 τοθς
915 5021 1025 5098 ἀνέμους
1068 5020 1163 5092 ἥντινα
1188 5020 1290 5100 Σέλγην
1312 5025 1327 5079 θ
1353 5024 1404 5080 τῶν
1427 5020 1611 5096 Ἀμυκλαίων,
1636 5019 1692 5091 ήτοι
1710 5021 1754 5075 τῶν
1768 5015 1810 5072 δα·

247 5103 461 5182 προσδεχομένην
471 5101 553 5164 Ἰλιον
566 5105 616 5164 θπδ
623 5110 679 5174 ταῖς
690 5111 814 5186 πλευραῖς
823 5111 903 5181 αύτῆς
914 5109 1024 5189 έχουσα,
1071 5109 1172 5189 κώνων,
1184 5111 1247 5179 λαὸς
1263 5114 1278 5169 θ
1294 5110 1483 5190 μεγαλώνυμος
1494 5114 1685 5180 κατοικισθῆναι
1703 5103 1806 5171 έποίηοῑι·

246 5187 295 5258 τήν
306 5189 431 5268 λαμπράν
446 5190 492 5250 καλ
507 5190 637 5267 ἐπίσημον
657 5193 732 5253 πόλιν
752 5197 803 5255 τῶν
820 5195 1023 5275 πάλαιγιγενη·
1108 5217 1214 5260 εει-οτι.
1230 5198 1346 5259 Ἐκεῖθεν
1362 5198 1406 5272 δὲ,
1421 5199 1538 5270 δηλονότι
1554 5197 1606 5257 άπδ
1617 5199 1661 5268 τῆς
1675 5187 1806 5260 Πισιδίτι,λ
