3884 5925
695 466 748 526 EX
771 464 984 525 STttABONtS
1011 462 1083 523 ΗΒ.
1109 465 1163 523 lll.
1673 456 1729 527 543

124 606 267 683 δεδεμένων
280 600 476 683 αἰχμάλωτονν,
496 600 593 660 ἔκτεινε
615 600 730 669 πάντας,
744 603 789 657 τοῦ
808 597 907 676 πατρὸς
949 596 1041 665 fratres
1055 598 1149 678 captiui
1165 596 1274 652 vinculis
1288 596 1404 652 adstricti
1415 597 1546 669 jacerent,
1562 609 1637 651 nacto
1647 600 1732 653 cultro

123 696 308 763 mmmm-04,
323 691 430 770 σιδήρου
456 695 604 769 κυροῦσαν,
620 686 685 765 γυνὴ
705 687 731 747 δὲ
747 686 826 745 πάλιν
847 684 908 752 τοὺς
949 702 994 736 eos
1005 702 1098 737 omnes
1113 684 1257 747 interfecit,
1274 684 1302 737 id
1320 686 1417 739 seilicet
1426 684 1536 755 jubente
1554 698 1642 757 patre;
1661 686 1731 740 idern

124 764 293 851 σνναλάντας.
335 784 448 854 Κληθεθς
457 782 485 843 δέ
495 806 534 847 τις
544 784 581 847 εἰς
591 779 798 856 μεθυσκομένους
813 776 906 837 {Saites
950 772 1012 825 lecit
1024 772 1118 826 mulier
1129 772 1162 826 de
1173 774 1205 825 iis
1216 775 1261 844 qui
1274 790 1362 826 secum
1377 774 1446 843 eapti
1462 772 1577 827 luerunt.
1600 774 1733 843 'Quidam

124 875 262 937 ἐευςὸνεῖς
274 871 372 950 νευράν.
414 869 509 933 Ταύτδι
525 868 552 929 δὲ
572 869 616 927 καὶ
632 866 729 929 Κελτοὶ
742 866 787 923 καὶ
805 865 907 925 Σεύθαν
949 859 983 912 ad
997 860 1084 913 ebrios
1099 871 1219 926 vocatus,
1232 863 1258 913 in
1273 879 1366 930 rogum
1379 879 1434 912 sese
1448 860 1570 930 conjecit.
1608 860 1731 914 Ceterum

124 964 171 1022 χρ,
184 964 289 1038 Θρρχκ
297 965 425 1019 mum
951 946 1006 999 hare
1018 948 1097 999 etiam
1107 947 1185 999 Celtas
1195 957 1221 999 et
1232 945 1333 1019 Scythae
1344 957 1370 998 et
1383 946 1497 998 Thraces
1512 946 1620 999 faciunt.

164 1069 202 1107 ει.
223 1046 289 1107 Ὅτι
301 1049 345 1115 τῆς
359 1045 475 1115 Κάλπης
487 1042 533 1102 καὶ
543 1046 595 1102 τῶν
605 1039 721 1101 &Soloe
731 1042 775 1097 τοῦ
787 1037 908 1103 Βαίτιδος
988 1046 1031 1105 νή.
1051 1046 1074 1095 Α
1096 1042 1174 1115 Calpe
1195 1050 1222 1095 et
1238 1042 1314 1095 Baetis
1336 1042 1409 1094 ostiis
1422 1038 1509 1093 Gades
1526 1039 1624 1092 distant
1643 1040 1733 1093 stadiis

126 1136 222 1214 ἀπέχει
242 1135 274 1193 τὰ
289 1134 404 1209 Γάδειρα
420 1134 514 1190 στάδια
536 1129 588 1210 ἀν’·
632 1128 687 1188 Καὶ
705 1127 776 1187 ἔστιν
798 1130 908 1196 ἡνθωῗ
950 1154 1122 1225 septingentis
1135 1156 1342 1225 quinquaginta3
1363 1165 1403 1207 aa
1420 1165 1507 1207 autem
1526 1152 1609 1207 insula
1623 1155 1732 1223 exigua,

127 1225 225 1303 μικρὰ,
238 1222 337 1287 πλάτος
349 1223 397 1296 μὲν
410 1220 507 1298 ἔχουσα
516 1220 665 1288 σταδιαῖον,
680 1221 763 1291 μῆκος
775 1213 802 1273 δὲ
813 1215 907 1272 στάδια

126 1308 167 1389 ρ’·
179 1311 226 1370 καί
238 1312 304 1368 εἰσιν
319 1313 343 1366 οἱ
357 1310 515 1372 ἐνοικοῦντες
527 1305 721 1366 πλουσιώτατοι
735 1303 778 1361 διὰ
798 1301 846 1371 τήν
860 1303 908 1379 ἐμ·

125 1399 242 1477 πορείαν.
1744 1455 1748 1463 ἱ

166 1508 203 1544 σε.
224 1484 290 1543 Ὅτι
299 1481 432 1548 Πολύόιος
443 1477 541 1559 κρήνην
560 1469 628 1537 εἷναί
641 1501 720 1559 φησιν
732 1479 758 1535 ἐν
774 1476 908 1556 Γαδείροις
987 1474 1031 1527 25.
1051 1472 1175 1543 Polybius
1185 1472 1284 1525 sontem
1295 1474 1392 1525 aitesse
1402 1472 1537 1538 Gadibus,
1549 1474 1734 1545 aquashaben·

124 1574 219 1639 ὕδατος
231 1572 361 1648 ποτίμου,
373 1568 430 1640 ήτις
445 1568 580 1626 ἀντιπαθεῖ
592 1571 626 1646 τῇ
640 1566 908 1643 θαλάσσηπλημμυ.
951 1571 1004 1612 tem
1016 1559 1090 1630 potui
1102 1569 1189 1629 aptas,
1200 1558 1246 1628 qui
1256 1569 1435 1629 contraquam
1448 1577 1519 1611 mare
1531 1559 1643 1612 afficitur
1655 1578 1660 1612 :
1673 1579 1734 1614 nam

125 1661 218 1737 ρούαης
234 1659 294 1734 μὲν,
316 1658 460 1737 λετψυδρεῖ,
475 1654 671 1734 θποιρευγοίαης
685 1652 726 1723 δὲ,
738 1654 905 1731 πλημμυρεῖ,
951 1662 1034 1716 quum
1049 1642 1115 1697 illud
1128 1654 1248 1713 augetur,
1266 1655 1323 1697 tum
1338 1646 1393 1715 ipse
1405 1642 1510 1712 delicit;
1527 1663 1609 1717 quum
1624 1664 1685 1699 vero
1704 1647 1734 1705 il·

125 1750 251 1806 Αἰτιᾶται
267 1748 309 1817 δ’,
324 1748 365 1801 δτι
378 1744 409 1803 ab
424 1748 531 1819 πνεῦμα
541 1742 572 1800 τὸ
587 1745 617 1801 ἐκ
636 1746 682 1799 τοῦ
697 1740 791 1818 βάθους
804 1742 841 1807 εἷς
860 1740 908 1809 τήν
951 1730 997 1785 lud
1012 1730 1115 1797 refluit,
1129 1732 1185 1801 ipse
1203 1732 1358 1802 completur.
1397 1734 1509 1787 Causam
1528 1736 1566 1786 rei
1590 1735 1691 1789 confert
1707 1737 1734 1788 in

122 1817 276 1913 ἀπιράνειαν
297 1837 343 1903 τῆς
357 1836 406 1908 γῆς
420 1832 564 1903 ἐκπῖπτον,
579 1830 754 1910 καλυφθείσης
769 1826 817 1903 μὲν
829 1828 909 1897 αὐτῆς
951 1820 1076 1909 spiritus,
1089 1820 1159 1889 quie
1173 1816 1256 1870 fundo
1270 1820 1296 1870 in
1307 1818 1470 1889 superficiem
1482 1829 1558 1872 terrae
1572 1820 1733 1883 efferuntur3

124 1925 177 1981 ὑπὸ
191 1930 235 1981 τοῦ
252 1921 368 1995 κύματος
382 1918 453 1978 κατὰ
466 1919 513 1983 τὰς
530 1917 693 1994 πλημμύρας
700 1960 710 1988 ’
724 1914 840 1993 εἴργεται
856 1917 908 1972 τῶν
951 1923 1004 1976 qua
1018 1904 1155 1976 superficie
1166 1904 1216 1956 sub
1229 1905 1309 1957 malls
1324 1906 1423 1957 lluxum
1437 1902 1516 1957 undis
1526 1917 1663 1977 cooperlss,
1674 1926 1735 1977 1)Γο-

126 2010 231 2069 οξνείων
244 2007 367 2067 ,modum
383 2005 489 2074 ἐξόδων·
508 2005 677 2084 ἀναστρέψῃ
693 2002 715 2059 δ’
729 2004 765 2069 οἷς
778 2000 809 2059 τὸ
822 2002 907 2072 ἐντὸς,
952 1990 1076 2043 hibentur
1100 1990 1208 2052 asqlito
1221 2007 1341 2059 egressu,
1359 1999 1437 2060 atque
1458 1990 1491 2043 ad
1516 1994 1618 2045 interna
1635 1996 1732 2045 reversi

127 2100 270 2179 ἀμρράττει
281 2097 340 2162 τοῦς
349 2100 397 2166 τῆς
410 2098 496 2171 πηγῆς
506 2093 602 2172 πόρους
611 2092 656 2151 χοὶ
665 2094 735 2151 ποιοῖ
745 2089 908 2169 λειψυδρίαν·
952 2078 1033 2131 sontis
1047 2089 1147 2131 meatus
1161 2077 1301 2139 obturant,
1317 2086 1344 2130 et
1357 2095 1431 2149 aquae
1451 2076 1582 2131 delectum
1600 2078 1734 2145 elliciunt;

127 2187 308 2263 -ρνυνννθςίοης
328 2183 356 2241 δὲ
383 2183 481 2252 πάλον,
503 2184 683 2260 οὖθονορῆσννν
711 2181 840 2256 ἐλευθεροῖ
862 2176 909 2243 τὰς
951 2184 982 2219 ea
995 2164 1091 2216 deinde
1104 2166 1200 2217 iterum
1214 2162 1408 2225 nudata,recta
1420 2175 1544 2217 exeuntes
1556 2164 1663 2235 spiritus
1677 2165 1735 2219 son·

950 1265 1089 1319 latitudine
1106 1264 1183 1320 stadii
1196 1267 1292 1331 unius,
1309 1264 1473 1336 longitudine
1493 1277 1609 1319 centurn.
1648 1266 1734 1336 Hujus

951 1370 1042 1424 incolae
1055 1388 1069 1423 e
1082 1380 1227 1424 mercatura
1237 1370 1358 1423 ditissimi
1377 1381 1447 1425 sunt.

128 2274 226 2354 ιρλίόας
247 2276 294 2341 τῆς
317 2275 379 2349 γῆς,
402 2267 471 2326 ὥστε
494 2267 635 2327 ἀναὸλθειν
654 2266 781 2343 εὐπόρως.
824 2262 859 2323 Ὁ
881 2263 909 2321 δὲ

129 2359 257 2438 Στράάιον
279 2358 338 2417 οθδθ
360 2356 458 2427 ταύτην
473 2354 520 2431 μὲν
539 2356 588 2424 τήν
602 2354 686 2412 αἰτίαν
708 2351 908 2427 ἀποδοκιμάζει·

126 2446 198 2525 λέγει
213 2446 240 2503 δὲ
254 2449 373 2509 κάκεῖνος
387 2441 497 2518 ἑτέραν·
516 2442 557 2501 ὅτι
571 2440 638 2506 εἰκὸς
652 2444 704 2497 τῶν
716 2437 820 2517 ρλεδῶν
839 2461 909 2503 τινας

127 2538 180 2591 τῶν
201 2532 338 2609 πηγαίων,
359 2529 518 2594 νοτιοθείσας
539 2528 583 2587 διά
607 2532 654 2599 τῆς
676 2528 784 2602 πλήμης
803 2524 911 2596 ἔξωθεν,

127 2626 290 2701 χαυνοῦσθαι
302 2619 347 2677 καὶ
364 2617 526 2696 παρέκχυσιν
540 2619 576 2681 είς
589 2614 623 2674 τά
637 2615 737 2692 πλάγια
758 2615 857 2690 μᾶλλον
870 2614 909 2671 δι·

128 2711 200 2769 δόναι
214 2715 267 2773 τοῖς
282 2706 391 2776 ὕδασιν,
407 2702 425 2775 ἡ
441 2703 590 2761 ἀναθλίὸειν
601 2702 670 2761 κατὰ
685 2702 715 2759 τὸ
730 2705 840 2782 ἀρχαῖον
857 2705 909 2781 ρεῖ-

127 2802 189 2872 θρον
203 2799 239 2862 εἷς
250 2794 299 2864 τήν
308 2793 421 2871 κρήνην·
438 2795 460 2850 εἰ
473 2792 495 2849 δ’
506 2836 515 2867 ,
528 2790 618 2868 ὥσπερ
628 2788 798 2869 Ἀθηνόδωρός
810 2811 907 2868 φησιν,

129 2885 239 2959 εὐσπνοῇ
257 2881 344 2939 τεκαὶ
358 2882 455 2955 ἐκπνοῇ
474 2878 505 2937 τὸ
518 2876 664 2954 συμὸαῑνον
676 2876 738 2956 περὶ
751 2875 798 2943 τὰς
816 2880 910 2952 πλημ-

132 2971 243 3049 μυρίδος
257 2971 303 3028 καὶ
324 2967 371 3035 τάς
385 2965 519 3045 ἀμπώτεις
533 2967 627 3039 ἔοικεν,
643 2953 710 3023 εἶναι
731 2966 762 3024 ἀν
785 2988 843 3022 τινα
856 2969 909 3022 τῶν

128 3056 237 3137 ῥεόντων
254 3055 372 3125 ὑδάτων,
396 3054 413 3112 ἀ
427 3058 486 3112 κατ’
503 3053 597 3119 ἄλλους
612 3052 659 3130 μὲν
674 3051 710 3111 πά
727 3075 770 3118 ους
790 3051 846 3131 ἔχει
861 3052 908 3122 τήν

128 3143 231 3221 ἄροσιν
244 3141 314 3200 κατὰ
326 3140 403 3221 φύσιν
415 3143 450 3206 εἷς
466 3140 513 3212 τήν
526 3139 680 3219 tarentinae
698 3078 750 3214 (ih
762 3138 790 3196 δὲ
805 3137 838 3196 τά
850 3138 910 3196 στά-

129 3252 201 3306 ματα
219 3227 306 3307 πηγάς
329 3229 374 3286 καὶ
398 3227 496 3306 κρήνας
509 3229 641 3304 καλοῦμεν
652 3229 680 3304 ),
693 3228 754 3285 κατ’
769 3227 863 3290 ἄλλους
882 3224 910 3284 δὲ

50 3333 55 3344 ·
128 3319 223 3396 πάρους
237 3317 391 3376 συνέλκεται
404 3316 468 3392 πρὸς
480 3315 511 3373 τὸ
525 3319 572 3386 τῆς
584 3314 712 3386 θαλάττης
725 3314 813 3390 βάθος.
857 3313 910 3370 Καὶ

129 3402 311 3480 συνεξαίρυντα
336 3401 383 3476 μὲν
407 3401 525 3472 ἐκείνην,
549 3399 618 3458 ὥστε
641 3401 826 3477 πλημμυρεῑν,
848 3398 909 3455 δταν

129 3481 182 3548 οἷον
194 3494 213 3560 ἡ
227 3489 324 3558 darnah
345 3487 467 3564 γίνηται,
479 3488 509 3545 τὸ
526 3491 620 3546 οἰκεῖον
640 3487 778 3546 ἀπολείπει
798 3492 909 3565 ῥεῖθρον·

129 3579 210 3637 πάλιν
229 3579 254 3634 δ’
275 3581 409 3654 ἀναχωρεῖ
436 3574 501 3653 πρὸς
522 3575 552 3633 τὸ
576 3575 669 3632 οἰκεῖον
705 3577 819 3653 ῥεῖθρον,
848 3573 909 3630 ὅταν

129 3665 238 3734 κάκείνη
247 3662 320 3740 λάδη
333 3668 381 3732 τήν
394 3661 574 3740 ἀναχώρησιν.

169 3771 203 3812 aa·
225 3747 292 3810 “on
305 3748 370 3829 φησὶ
385 3747 559 3815 Ποσειδώνιος
567 3747 615 3820 τήν
626 3752 671 3807 τοῦ
684 3749 800 3806 «trissant
809 3748 910 3819 κίνησιν

130 3840 238 3918 ὑπέχειν
249 3837 389 3916 ἀστροειδῆ
403 3836 537 3914 περίοδον·
555 3835 603 3906 τήν
618 3835 667 3911 μὲν
685 3834 828 3912 ἡμερήσιον
846 3836 911 3916 πρὸς

128 3926 175 3992 ab<
199 3931 244 3986 τοῦ
266 3925 342 3996 ἡλίου
358 3923 487 3992 ἀνατολάς
506 3947 535 3983 τε
551 3923 598 3984 καὶ
622 3922 721 3991 δύσεις,
736 3922 783 3993 τήν
807 3923 836 3982 δὲ
856 3948 909 4000 μη-

133 4012 216 4072 νιαίαν
227 4014 293 4095 πρὸς
307 4012 354 4078 τάς
368 4017 414 4082 τῆς
428 4012 541 4085 σελήνης
555 4011 661 4093 φάσεις,
676 4010 724 4084 τήν
738 4013 765 4070 δὲ
779 4010 910 4073 ἐνιαυσίαν

130 4102 196 4180 πρὸς
214 4101 260 4167 aba
279 4105 325 4159 σοῦ
343 4099 419 4170 ἡλίου
435 4101 546 4180 τροπάς·
566 4099 625 4160 καθ’
640 4101 743 4179 ἡμέραν
764 4099 826 4180 γὰρ,
846 4099 910 4181 πρὸς

129 4189 178 4259 τήν
198 4192 246 4257 τῆς
267 4187 380 4257 σελήνης
400 4187 584 4263 συμπάθειαν,
607 4185 669 4245 ὅταν
690 4189 782 4266 θψωθῇ
797 4185 909 4246 ἀπὸτοῦ

129 4276 256 4354 ὁρίζοντος
270 4274 363 4352 ζῳδίου
378 4274 501 4352 μέγεθος,
513 4274 640 4353 ἄρχεσθαί
651 4297 679 4332 τε
689 4275 792 4334 διοιδεὶν
805 4273 852 4343 τήν
867 4275 911 4334 θά-

129 4363 230 4419 λατταν
243 4362 289 4419 καὶ
304 4361 475 4438 πλημμύραν
490 4359 571 4439 μίρρι
588 4361 804 4438 μισουρανήσεως
818 4363 909 4431 αὐτῆς·

129 4443 296 4513 ἰκκλίναντος
324 4446 352 4507 dl
378 4451 424 4504 τοῦ
447 4446 561 4524 ἄστρον,
586 4447 666 4506 πάλιν
687 4449 832 4527 ἀναχωρεῖν
850 4448 909 4505 κατ’

129 4534 234 4611 ὀλίγον,
249 4533 297 4601 ίως
315 4533 348 4591 ἂν
363 4535 456 4614 ζῴδιον
470 4533 634 4614 θπερίχσυσα
643 4540 690 4594 τοῦ
700 4536 802 4594 δυτικοῦ
814 4535 911 4608 θρίζον·

128 4645 172 4690 τος
187 4622 281 4687 τελέως
301 4626 411 4698 μειωθῇ.
452 4613 522 4683 Εἶτα
535 4625 562 4680 ἐν
577 4628 609 4701 τῇ
625 4622 707 4703 ῥηχίη
722 4622 804 4702 ταύτῃ
818 4622 910 4698 διαμί·

952 2249 985 2300 tis
1000 2265 1079 2299 renas
1093 2247 1255 2317 usqueadeo
1273 2246 1400 2309 liberant,
1415 2258 1444 2300 ut
1456 2247 1529 2303 facile
1542 2258 1638 2301 scateat
1657 2266 1734 2318 aqua.

952 2336 1027 2387 Hanc
1040 2351 1144 2411 causant
1156 2332 1250 2387 Strabo
1263 2351 1316 2385 non
1328 2334 1461 2403 improbat
1471 2331 1594 2403 quidem,
1610 2336 1664 2405 ipse
1674 2352 1737 2387 vero

952 2423 1031 2474 etiam
1047 2418 1123 2472 aliam
1146 2420 1284 2490 proponit;
1300 2420 1425 2471 nimirum
1449 2418 1505 2471 steri
1519 2436 1594 2489 posse
1615 2431 1644 2472 ut
1665 2438 1736 2473 renae

952 2509 1046 2579 aliquas
1068 2507 1146 2559 lentis
1161 2506 1193 2559 ab
1207 2506 1380 2561 inundatione
1398 2507 1553 2559 humectatae
1574 2508 1738 2560 extrinsecus

953 2596 1083 2659 laxentur,
1108 2605 1135 2647 et
1158 2596 1241 2662 magis
1259 2594 1286 2646 iu
1307 2592 1446 2665 obliquum
1469 2612 1549 2664 aquas
1566 2592 1734 2659 dill'undant,

952 2700 1033 2753 quam
1059 2700 1100 2734 ess
1126 2680 1272 2733 secundum
1300 2681 1442 2750 pristinum
1464 2680 1566 2732 alveum
1589 2681 1616 2733 in
1635 2678 1735 2734 lentem

952 2772 1107 2841 exprimant.
1147 2767 1268 2835 Quodsi,
1289 2778 1320 2821 ut
1342 2770 1378 2821 ait
1397 2766 1601 2833 Athenodorus,
1624 2768 1736 2839 inspira·

954 2857 1019 2908 tioni
1035 2865 1061 2907 et
1079 2855 1246 2925 exspirationi
1260 2870 1388 2925 perquam
1403 2853 1486 2905 simile
1500 2852 1605 2906 ridetur
1622 2852 1649 2905 id
1662 2852 1737 2925 quod

952 2934 1027 2996 circa¹
1035 2958 1164 3013 aquarum
1185 2956 1302 2996 accessus
1325 2950 1352 2993 et
1372 2956 1488 2992 recessus
1510 2938 1616 3004 accidit,
1627 2939 1737 2994 sortasse

952 3033 1078 3105 quasdam
1098 3051 1225 3103 aquarum
1244 3033 1383 3086 tluentium
1395 3049 1450 3084 esse
1461 3031 1558 3098 Strabo,
1566 3042 1656 3102 putat,
1672 3049 1736 3103 quae

952 3145 1000 3197 per
1013 3125 1076 3178 alios
1090 3135 1190 3180 meatus
1208 3125 1354 3178 naturalem
1372 3123 1472 3175 fluxum
1486 3123 1513 3174 in
1532 3133 1609 3176 terrae
1627 3123 1738 3196 superti-

953 3219 1019 3270 ciem
1035 3216 1148 3269 habeant
1167 3218 1177 3284 (
1186 3233 1300 3286 quorum
1316 3223 1449 3267 meatuum
1465 3213 1564 3267 orilrcia
1578 3215 1736 3286 appellamus

953 3309 1054 3376 sontes)
1073 3326 1218 3378 rursusque
1232 3326 1280 3380 per
1294 3307 1357 3360 alios
1372 3317 1471 3360 meatus
1485 3305 1518 3360 ad
1530 3309 1609 3359 maris
1623 3307 1735 3362 t'undutn

952 3418 1006 3453 una
1022 3401 1159 3454 trahantur
1174 3411 1201 3452 et
1220 3399 1297 3452 simul
1312 3417 1373 3452 cum
1397 3399 1460 3450 mari
1484 3397 1637 3451 attollantur
1652 3410 1676 3452 et
1691 3417 1736 3452 ex-

952 3491 1063 3554 undent,
1078 3489 1187 3560 quando
1209 3489 1237 3540 lit
1253 3490 1327 3559 quasi
1348 3489 1506 3558 exspiratio,
1526 3507 1657 3559 suumque
1673 3508 1735 3561 pro-

953 3586 1041 3654 prium
1056 3593 1171 3658 meatum
1184 3581 1347 3650 relinquant,
1360 3565 1452 3632 rursus
1469 3591 1555 3632 autem
1570 3581 1597 3633 in
1614 3581 1686 3633 hunc
1697 3600 1737 3635 re·
1754 3591 1755 3594 ’

953 3671 1063 3736 cedant,
1077 3672 1184 3742 quando
1203 3689 1275 3724 mare
1287 3672 1379 3741 incipit
1391 3671 1511 3724 refluere.

989 3767 1034 3818 ati.
1055 3761 1212 3814 Posidonius
1231 3762 1268 3814 ait
1280 3761 1370 3812 oceani
1388 3771 1489 3812 motum
1506 3762 1604 3814 imitari
1622 3780 1733 3814 conver-

953 3851 1054 3903 sionem
1075 3847 1191 3902 siderum
1215 3847 1373 3911 caelestium,
1389 3847 1515 3902 diurnum
1536 3847 1737 3918 quidem,‚solis

953 3948 1042 3990 ortum
1057 3947 1083 3990 et
1100 3953 1237 4001 oceasunu
1263 3946 1430 3990 menstruum
1448 3953 1526 4000 vero,
1552 3936 1620 3989 lunae
1634 3938 1736 3992 varium

953 4025 1058 4088 lumen,
1074 4041 1193 4076 annuum
1212 4033 1318 4085 autem,
1339 4022 1399 4074 solis
1418 4023 1612 4077 conversiones.
1650 4027 1738 4097 Atque

954 4113 982 4164 in
1005 4109 1120 4178 singulos
1140 4108 1248 4179 quidem
1264 4107 1320 4163 dies
1338 4125 1410 4160 rnare
1432 4107 1466 4161 ad
1488 4108 1556 4162 lunae
1578 4127 1736 4164 consensum

954 4195 1071 4260 variare3
1094 4211 1176 4266 quum
1196 4195 1266 4270 cqim
1281 4192 1343 4244 luna
1363 4193 1441 4246 unius
1461 4194 1527 4262 signi
1555 4195 1639 4264 spatio
1658 4212 1736 4264 supra

954 4283 1118 4336 horizontem
1137 4283 1261 4344 elevetur,
1278 4298 1348 4334 mare
1361 4281 1534 4334 intumescere
1543 4281 1658 4351 incipere
1669 4292 1695 4333 ct
1710 4282 1736 4358 in

955 4383 1037 4424 terras
1047 4371 1170 4436 effluere,
1182 4369 1262 4439 idque
1272 4368 1337 4422 dum
1347 4369 1380 4422 ad
1390 4368 1506 4422 medium
1517 4369 1574 4422 coeli
1587 4369 1734 4442 perveniam

953 4476 1045 4512 rursus
1060 4457 1202 4510 inclinante
1220 4467 1292 4509 astro
1314 4455 1480 4508 retrocedere
1492 4455 1633 4528 paulatim,
1648 4456 1734 4538 donee
1788 4473 1792 4479 ⁴

954 4547 1030 4614 signo
1045 4561 1099 4596 uno
1114 4543 1279 4596 horizontem
1293 4540 1434 4594 occiduum
1447 4543 1601 4606 excesserit,
1615 4560 1668 4613 quo
1682 4559 1736 4594 rne-

953 4641 1044 4683 tneuto
1068 4647 1175 4702 prorsus
1199 4627 1332 4681 decrescat
1351 4645 1433 4682 maro.
1471 4626 1573 4679 Deinde
1595 4629 1622 4680 in
1642 4625 1736 4682 eodem

44 5238 49 5247 ·
133 5205 146 5274 l
158 5205 246 5256 -25·
257 5223 286 5275 p.
301 5222 361 5272 172,
375 5211 426 5259 BC.
440 5206 462 5259 εἰ
473 5208 496 5259 δ’
506 5210 587 5278 ὥσπερ
605 5206 699 5280 Ἀθην]
715 5205 769 5261 εἶτα
782 5209 863 5276 ὥσπερ
878 5208 907 5259 Α.

129 4733 182 4770 νειν
195 4711 240 4768 τὸν
254 4709 369 4768 ὠκεανὸν
380 4753 390 4784 ,
401 4709 450 4776 lui<
464 4715 482 4780 ἡ
497 4709 596 4782 σελήνη
611 4711 708 4770 δύνασαι
723 4710 846 4789 ἀποφύγῃ
863 4716 909 4769 τοῦ
953 4727 1024 4770 statu
1050 4725 1136 4769 manet
1152 4733 1280 4780 oceanus,
1299 4732 1437 4785 quousque
1457 4713 1520 4768 luna
1542 4715 1593 4772 sub
1614 4733 1735 4768 oceasum

128 4800 256 4874 ὁρίζοντος
273 4797 356 4855 πάλιν
378 4796 505 4875 ζῳδιακὸν
525 4795 575 4857 ὑπὸ
588 4801 638 4876 γῆν
657 4797 800 4874 διάστεμα.
842 4787 910 4856 Εἶτα
953 4805 1073 4858 demersa
1086 4821 1178 4858 rursus
1192 4803 1242 4856 sub
1252 4813 1321 4854 terra
1331 4803 1411 4854 unius
1421 4803 1487 4870 signi
1499 4798 1634 4854 intervallo
1647 4799 1736 4864 abhe-

129 4884 199 4943 κατά
213 4885 242 4942 τὸ
256 4884 344 4962 ὅμοιον
360 4887 453 4963 σχῆμα
462 4931 471 4962 ,
480 4884 529 4952 ἕως
542 4890 589 4944 τοῦ
603 4886 724 4963 ὑποτροίου
737 4889 909 4963 πλημμυρεῖ·
953 4893 1055 4944 rizonte
1065 4890 1198 4942 distiterit.
1238 4893 1323 4958 Atque
1335 4887 1396 4939 dein
1407 4888 1499 4939 eodem
1510 4885 1590 4939 modo
1600 4905 1653 4958 quo
1662 4889 1735 4958 prius

140 4997 226 5003 ,.-..--
240 4997 412 5004 -..,...---..-
1099 4993 1488 5001 -..-.-.-.......-------
1522 4994 1540 4998 ..
1555 4993 1623 4998 ---
1638 4991 1719 4998 ..ω-..-

128 5047 244 5112 τήνδδδν
264 5048 347 5110 nitate
365 5049 387 5102 ἐ.
407 5069 431 5104 τ.
450 5069 473 5105 σ.
493 5050 656 5120 ΙΙ-άλλαις
674 5050 781 5120 δέραισι]
795 5049 911 5111 ἀλλαςδέ
953 5077 991 5088 ·-
1007 5051 1050 5103 26.
1072 5065 1099 5118 p.
1125 5047 1184 5118 173,
1206 5051 1259 5102 CD.
1280 5049 1339 5115 174,
1362 5043 1517 5115 daps-sta]
1541 5043 1608 5114 ῥιχίᾳ
1627 5043 1655 5098 h.
1676 5043 1695 5095 l.
1710 5053 1737 5095 et

128 5143 187 5196 ρεστ
202 5126 275 5190 eod.;
291 5128 477 5182 εα1.ΗιιεΙεοιι.
493 5132 504 5197 ἡ
516 5159 552 5170 -
563 5133 607 5193 νίν.
622 5146 650 5199 μ.
665 5134 725 5193 168,
744 5135 779 5184 D.
795 5134 856 5198 169,
871 5131 907 5181 A.
953 5127 1072 5180 similiter
1093 5129 1119 5178 iu
1139 5145 1195 5198 sqq.
1219 5125 1312 5179 codex.
1330 5128 1340 5194 ἡ
1353 5157 1388 5166 -
1402 5125 1460 5196 πρὸς
1479 5125 1521 5185 τὰς
1539 5123 1673 5192 ἀνατολὰς]
1689 5123 1736 5190 aab

953 5211 996 5272 τῆς
1018 5205 1139 5274 ἀνατολῆς
1163 5205 1235 5271 ced,
1261 5207 1396 5277 διαμέσοις]
1420 5207 1535 5276 δισώμοις
1553 5203 1656 5278 ¹codet5
1681 5220 1735 5258 ern.

128 5282 227 5347 ootlex,
241 5284 286 5352 qui
300 5301 362 5334 mox
376 5285 453 5337 habet
470 5285 591 5351 θαλάττης
604 5288 679 5347 πάθος
692 5305 741 5358 pro
756 5288 778 5338 θ.
799 5287 880 5354 βάθος.
895 5287 906 5354 ΙΙ
952 5287 1047 5357 Coray.
